1774 3204
228 176 324 225 334
558 186 773 228 LA0N101
815 188 1318 233 CHALCOCONDYLAE

226 281 272 322 τὸ
304 281 517 334 εὐώνυμον
548 285 624 323 τοῦ
641 287 844 336 βασιλέως
870 286 1151 341 παρετάσσετο
1166 291 1305 343 μέρος,
1333 288 1404 332 καὶ
1427 289 1653 344 συμβαλών

94 350 130 385 P.
149 352 211 386 177
226 348 405 399 ἐμάχετο
435 346 506 388 ἐπὶ
530 346 681 401 χρόνον
709 351 819 392 τινά.
893 353 1047 405 ἐγένετο
1089 354 1136 393 δὲ
1172 351 1198 406 ἧ
1241 353 1359 408 μάχη
1396 352 1540 404 οὕτως.
1594 354 1652 405 ὥς

223 411 502 463 συμβάλλοιεν
523 412 562 453 οἱ
588 416 771 462 Παίονες
800 416 842 464 ἐς
866 423 1013 470 χεῖρας
1039 416 1253 471 ἐλθόντες,
1280 419 1528 472 τρεψάμενοι
1555 419 1652 469 τούς

230 475 436 529 Τούρκους
470 478 678 529 ἐδίωκον,
709 478 786 527 ἕως
813 475 866 521 οὗ
889 482 1072 535 ἐγένοντο
1107 483 1241 536 α’γχοῦ
1264 487 1338 525 τοῦ
1369 486 1651 539 στρατοπέδου

225 541 368 581 αὐτοῦ.
424 540 539 593 ’μετὰ
578 542 624 583 δὲ
665 544 797 592 εὐθύς
833 550 1144 599 συστρέψαντες
1179 548 1218 589 οἱ
1266 551 1442 603 Τοῦρκοι
1481 548 1683 591 §ottonom

225 603 324 653 τούς
352 607 542 655 Παιόνας
568 607 718 660 χρόνον
747 608 901 662 ἱκανόν,
933 607 1058 664 ἄχρις
1086 607 1136 652 οὗ
1160 614 1338 666 γένοιντο
1366 615 1438 655 καί
1463 607 1581 655 οὗτοι
1607 615 1652 655 ἒν

230 670 287 724 τῷ
319 671 581 727 στρατοπέδῳ
623 673 776 714 αὑτῶν.
822 674 894 715 καί
923 673 1042 716 ὁπότε
1067 678 1146 728 μὲν
1170 679 1418 729 βιασάμενοι
1447 677 1486 718 οἱ
1512 677 1653 720 Παιό-

225 749 291 780 νες
320 734 417 783 τούς
453 734 662 790 Τούρκους
690 736 914 780 ἐπικέοιντο
943 740 1168 793 διώκοντες,
1197 740 1376 783 ἐνταῦθα
1401 741 1549 795 συχνοὶ
1571 745 1653 784 τῶν

230 799 424 852 Τούρκων
459 798 631 842 ἔπιπτον
675 803 1033 855 καταπατούμενοι
1071 805 1149 846 ὑπὸ
1190 809 1274 847 τῶν
1311 806 1532 848 Παιόνων.
1581 808 1654 848 καί

222 865 300 915 μὲν
329 865 378 918 δη
419 867 492 906 καί
516 868 701 914 Παίονες
747 868 790 908 ἐν
835 870 888 923 τῇ
929 870 1194 924 ἀποχωρήσει
1226 874 1371 912 πολλοὶ
1404 871 1652 925 άπεγίνοντο,
1665 885 1707 917 10

225 927 343 970 ὁπότε
374 928 426 982 δὴ
458 931 575 971 αἰδοῖ
609 927 937 985 ἀποχωροῦντες.
1008 936 1052 975 ἐν
1089 935 1220 991 τούτῳ
1258 938 1394 977 πίπτει
1431 937 1653 990 Καραζιής

223 995 296 1047 τῆς
333 992 540 1049 Εὐρώπης
582 996 808 1051 στρατηγός
829 1029 840 1049 ,
882 1000 991 1054 ξίφει
1024 1002 1239 1056 Παιονικῷ
1265 1000 1434 1053 βληθεὶς
1475 999 1581 1041 κατὰ
1609 999 1652 1041 τὸ

187 1061 389 1113 Βστῆθος,
435 1061 632 1116 ὃορατείῳ
671 1061 891 1116 τραύματι.
952 1062 1001 1104 τά
1028 1064 1105 1117 γὰρ
1137 1064 1344 1106 Παιονικά
1373 1066 1472 1120 ξίφη
1501 1062 1653 1118 σχεδόν

221 1139 260 1165 τι
288 1124 351 1177 δή,
379 1124 451 1165 καί
476 1124 525 1166 τά
554 1128 626 1179 τῆς
651 1127 888 1180 Γερμανίας
906 1127 1082 1183 ἁπάσης,
1111 1131 1341 1183 ἐληλαμένοι
1365 1130 1556 1182 τυγχάνει
1584 1130 1655 1170 ε’πί

222 1187 422 1243 μήκιστον
450 1190 521 1230 καί
548 1189 642 1239 ὀξέα
659 1225 669 1244 ,
706 1193 760 1231 ου’
786 1194 927 1244 μέντοι
970 1194 1144 1235 τοιαῦτα
1188 1191 1551 1247 οἶα,καται’ροντας
1579 1191 1652 1234 nti—
1666 1202 1706 1235 15

221 1268 337 1294 πτειν
375 1250 439 1294 ὅτι
486 1254 557 1295 καί
582 1250 678 1304 ἄξια
710 1253 854 1310 λόγου,
885 1257 941 1305 ὥς
969 1257 1020 1299 τὰ
1048 1257 1287 1312 βαρβαρικά
1315 1255 1340 1312 ἢ
1366 1257 1435 1299 καὶ
1460 1257 1648 1299 Traiani.

220 1317 268 1359 τά
301 1321 379 1370 μὲν
403 1318 641 1373 βαρβαρικά
672 1324 844 1362 τοιαῦτα
877 1322 1094 1375 (Τοὺρκων
1119 1324 1165 1364 δέ
1193 1321 1280 1364 ἐστι
1308 1325 1458 1377 ταῦτα)
1483 1355 1494 1375 ,
1525 1321 1652 1375 βάρος

221 1381 392 1435 ἴσχοντα
421 1385 617 1438 πάμμεγα
645 1388 716 1427 καί
743 1387 811 1441 ἐφ’
841 1384 904 1428 {vl
925 1386 1074 1440 ἔχοντα
1109 1386 1185 1440 τήν
1210 1387 1348 1441 τομήν,
1377 1390 1652 1440 καταβαίνον-

223 1449 273 1488 σί
293 1463 339 1501 γε
363 1446 545 1501 μάλιστα
577 1450 626 1504 δὴ
655 1452 820 1492 πάντων
851 1454 934 1492 τῶν
960 1453 1091 1506 ξιφῶν
1129 1447 1186 1493 ὧν
1216 1452 1330 1505 ἡμεῖς
1357 1451 1497 1504 ἴσμεν·
1553 1453 1649 1492 δεύ-

223 1527 325 1565 τερα
353 1515 400 1554 δὲ
429 1513 585 1555 τούτων
614 1514 664 1556 τά
694 1516 878 1568 Ἰταλικά,
900 1516 1112 1570 Ἑλληνικά
1141 1532 1238 1558 ποτε
1266 1517 1476 1570 γενόμενα.
1529 1515 1578 1558 τά
1604 1518 1648 1557 δὲ
1661 1525 1706 1558 20

224 1579 265 1617 Γ
262 1577 460 1630 ερμανικοὶ
501 1580 573 1620 καί
601 1581 810 1621 nouom&
839 1581 980 1635 μακρά
1016 1581 1094 1633 μέν
1114 1583 1194 1623 εἰσι
1222 1582 1293 1623 καί
1320 1581 1564 1636 στρογγύλα,
1590 1596 1651 1622 τε-
1674 1614 1684 1619 -

222 1642 429 1698 τράγωνα,
469 1643 541 1698 τήν
578 1645 708 1700 τομὴν
736 1645 855 1698 ὄξέα,
896 1645 939 1695 ἐς
968 1646 1039 1696 ὀξύ
1073 1647 1118 1688 δὲ
1141 1647 1249 1689 πάνυ
1277 1645 1451 1701 λήγοντα
1481 1644 1651 1699 δόρατος

226 1859 297 1890 lum
323 1869 399 1891 cum
424 1859 537 1892 ianuis
564 1860 738 1904 reliquum
764 1861 819 1901 sit,
845 1861 1020 1895 conficiat.
1070 1862 1156 1895 haec
1181 1872 1259 1894 cum
1284 1862 1440 1902 dixisset,
1464 1862 1651 1896 confestim

223 1905 474 1949 accingebatur
499 1911 538 1939 ut
563 1908 735 1952 pralelium
762 1909 998 1941 committeret
1031 1918 1109 1941 cum
1133 1908 1291 1952 Europae
1323 1909 1491 1948 exercitu,
1519 1909 1581 1953 qui
1605 1909 1651 1941 ad

225 1952 402 1984 sinistram
433 1952 521 1994 regis
548 1953 740 1985 instructus
765 1954 894 1987 stabat.
946 1960 982 1987 et
1003 1964 1127 1987 manus
1152 1965 1338 1987 conserens
1361 1954 1570 1999 aliquandiu
1585 1966 1651 1998 pu-

226 1996 368 2039 gnabat.
416 2008 555 2043 pugnae
574 2004 688 2031 autem
714 1998 802 2032 haec
826 2000 932 2033 facies
957 2005 1044 2033 erat.
1071 2011 1147 2032 cum
1167 2005 1310 2033 ventum
1335 2006 1428 2033 esset
1449 2000 1495 2033 ad
1517 2010 1651 2041 manus,

226 2046 409 2077 Pannones
442 2045 575 2077 Tun-cos
613 2045 785 2087 fugabant
819 2057 951 2091 eosque
978 2058 1089 2091 usque
1121 2046 1166 2078 ad
1189 2053 1298 2079 castra
1334 2040 1647 2091 persequebantur.

224 2091 332 2124 'l‘urci
367 2090 526 2123 conversi
564 2090 694 2123 deiude
719 2092 900 2124 pannones
939 2092 1236 2137 insequebantur:
1261 2102 1327 2124 nec
1355 2103 1375 2124 a
1402 2091 1648 2136 persecutione

225 2141 407 2170 cessarunt
434 2137 530 2181 prius
555 2148 657 2181 quam
682 2142 717 2169 et
741 2148 799 2170 eos
825 2138 868 2170 ad
893 2143 1005 2171 castra
1029 2139 1290 2182 compulissent.
1338 2139 1366 2170 si
1391 2137 1535 2183 quando
1559 2139 1646 2171 Pan-

226 2195 336 2217 nones
360 2183 506 2216 victoria
533 2182 752 2223 fruebantur,
776 2183 911 2216 Tui-cos
949 2184 1253 2228 persequebantur
1278 2183 1463 2224 acerrime,
1490 2184 1649 2229 plurimi-

225 2242 295 2275 que
318 2228 504 2269 cadebant,
530 2229 652 2262 obtriti
677 2240 696 2261 a
713 2230 952 2262 pannonibus.
979 2231 1083 2262 etiam
1100 2230 1280 2262 pannones
1294 2229 1500 2274 aliquando,
1525 2241 1649 2274 quam-

225 2278 276 2309 vis
299 2275 442 2320 plurimi
469 2275 606 2315 forent,
631 2286 711 2307 cum
747 2275 876 2308 rubore
912 2281 1004 2308 retro
1031 2275 1172 2318 gradum
1205 2275 1378 2308 serebant.
1429 2275 1556 2309 cecidit
1581 2276 1651 2308 ibi-

226 2323 306 2354 dem
332 2322 489 2354 Carazies
517 2322 678 2365 Europae
706 2321 788 2359 dux,
815 2322 1014 2353 Pannonico
1040 2321 1155 2364 gladio
1173 2321 1365 2354 transfixus.
1415 2321 1533 2354 solent
1556 2323 1649 2355 enim

226 2369 415 2402 Pannonici
441 2367 548 2411 gladii
574 2368 719 2400 vulnera
746 2365 841 2406 dare,
869 2378 960 2409 quae
986 2367 1078 2399 nihil
1113 2367 1280 2400 differunt
1309 2367 1353 2399 ab
1379 2368 1456 2400 istis
1481 2378 1573 2412 quae
1596 2368 1650 2400 fa-

225 2425 303 2447 cere
329 2419 588 2447 consueverunt
612 2413 746 2446 hastae.
796 2412 903 2456 gladii
929 2424 1082 2457 namque
1107 2413 1307 2446 pannonum
1334 2419 1371 2446 et
1394 2414 1647 2447 Germanorum

226 2461 322 2502 longi
350 2465 431 2493 sunt
455 2465 491 2493 et
517 2460 622 2499 acuti,
646 2471 712 2492 nec
737 2459 867 2491 librato
892 2459 961 2492 ictu
986 2459 1129 2498 feriunt,
1155 2459 1450 2503 quemadmodum
1475 2459 1648 2492 barbariei

226 2514 262 2539 et
296 2507 423 2539 Italici.
482 2505 657 2538 barbarici
699 2505 806 2549 gladii
842 2504 894 2549 (et
919 2505 1091 2538 eiusmodi
1130 2511 1278 2538 utuntur
1306 2507 1429 2550 Turci)
1461 2505 1647 2549 ponderosi

225 2558 308 2586 sunt
332 2551 532 2592 admodum,
560 2563 700 2596 unaque
723 2556 860 2585 tantum
885 2556 986 2594 parte
1013 2550 1190 2584 scindunt.
1217 2563 1282 2584 nec
1304 2553 1378 2585 scio
1401 2551 1537 2594 gladios
1555 2562 1648 2595 quo·

227 2610 302 2631 rum
330 2600 423 2631 acies
447 2599 553 2631 altius
579 2598 615 2631 in
639 2609 786 2642 corpora
815 2602 985 2641 penetret.
1033 2597 1088 2630 his
1111 2605 1359 2640 comparantur
1385 2597 1494 2642 gladii
1518 2598 1647 2635 Italici,

227 2646 287 2688 qni
315 2644 492 2688 quondam
524 2645 666 2677 Graecis
701 2645 737 2677 in
769 2655 831 2676 unu
867 2643 976 2676 fuere.
1036 2644 1234 2676 Germanici
1262 2649 1298 2677 et
1324 2643 1514 2677 Pannonici
1537 2642 1646 2687 gladii

228 2691 322 2734 longi
347 2697 382 2723 et
410 2690 563 2730 rotundi,
582 2701 719 2723 necnon
747 2688 922 2723 interdum
949 2689 1110 2734 quadrati
1138 2695 1239 2723 sunt:
1269 2691 1380 2724 aciem
1404 2689 1538 2723 liabent
1561 2700 1647 2722 acu-
