1884 3178
492 211 563 250 DE
600 211 773 251 REBUS
810 208 1065 250 TURcicis
1107 211 1152 250 L.
1183 212 1214 250 1.
1522 202 1586 252 45

120 324 202 349 νων
231 310 306 350 καί
331 309 415 351 τῶν
451 310 614 351 παίδων
659 306 750 351 ὅσοι
780 307 824 357 ἐς
864 309 985 350 τόνδε
1018 307 1055 351 οἱ
1094 309 1491 362 συνεπιλαβομὲνων
1517 309 1632 356 τὸνι)

119 375 301 429 πόλεμον
331 373 388 426 ὥς
416 372 734 431 προθυμότατα,
763 376 836 416 καί
861 375 1305 430 συμπροθυμούμενος
1325 373 1458 417 ἐδόκει
1490 375 1592 417 τού-

117 459 199 484 των
239 443 541 496 ἀντιλαβέσθαι
577 436 604 498 ᾗ
647 439 785 483 ἐδόκει
826 439 1190 496 ἐρρωμενέστατα.
1260 439 1590 493 πυθόμενοςδὲ

117 507 381 563 Ἀμουράτης
410 503 568 562 ἤλαυνε
597 506 700 550 κατὰ
733 506 881 561 πόδας,
911 506 986 548 καὶ
1014 503 1250 562 ἐπολιόρκει
1277 505 1352 562 τήν
1382 508 1520 550 πόλιν.
1550 505 1591 550 οἱ

82 577 164 621 5δὲ
191 576 273 617 σῦν
311 577 372 632 τῷ
408 575 581 631 Σαουζῇ
617 575 726 630 λιμῷ
754 573 1024 626 πιεζόμενοι,
1072 571 1144 614 ἅτε
1185 575 1303 615 σι’του
1336 574 1413 615 οὐκ
1438 575 1590 616 εἰσενε-

113 642 292 696 χθέντος
330 640 373 692 ἐς
401 639 478 696 τήν
519 637 748 696 α’κρόπολιν
782 637 990 694 πρότερον
1020 640 1094 681 καί
1134 638 1178 682 ἐν
1205 643 1368 694 βραχεῖ
1387 638 1591 682 ἐπιλελοι-

114 707 266 762 πότος,
293 708 595 762 ζπαρεδίδοσαν
639 708 754 761 σφᾶς
794 705 956 755 αὐτοὺς
991 708 1184 760 χρῆσθαι
1227 705 1285 754 ὥς
1322 702 1375 748 ἂν
1402 706 1592 759 μα’λιστα

117 770 236 832 αὐτῷ
265 775 420 829 δοκοίη.
489 770 757 828 Ἀμουροίτης
785 774 831 814 δὲ
862 771 938 827 τὴν
969 772 1093 814 πόλιν
1121 774 1231 829 λιμῷ
1259 772 1592 827 παραστησάμε-

114 855 182 890 νος
212 836 298 883 εἷλε
325 841 395 883 τὸν
435 840 568 881 παῖδα
609 841 742 881 αὐτοῦ
768 840 990 893 Σαουζῆν,
1027 841 1098 881 καί
1139 837 1280 892 λαβών
1319 837 1494 891 ἐξέκοψε
1527 837 1587 882 τιὸ

58 920 103 955 10
115 907 329 965 ὀφθαλμώ
361 908 507 950 αὐτοῦ.
564 905 664 955 τούς
693 908 740 948 δὲ
763 902 918 955 ἄλλους
944 908 1143 948 κελεῦσαι
1173 905 1305 947 αὐτὸν
1338 906 1588 959 δεδεμένους

113 975 185 1017 ἐπὶ
209 973 400 1030 κεφαλήν
428 971 532 1015 narni
567 975 763 1029 κρημνῶν
797 974 1106 1028 κατενεχθῆναι
1138 970 1220 1013 dm)
1251 974 1324 1027 τῆς
1354 970 1516 1022 πόλεως
1543 970 1586 1022 ἐς
1599 982 1632 1016 P.
1647 982 1693 1016 23

111 1041 186 1082 τὸν
214 1041 416 1095 ποταμόν.
482 1039 556 1082 τὸν
603 1041 650 1081 δὲ
689 1041 978 1094 ἐσκηνωμένον
1021 1036 1138 1094 παρὰ
1179 1037 1254 1081 τὸν
1283 1038 1471 1092 ποταμὸν
1515 1038 1589 1081 καί

109 1106 325 1161 θεώμενον
360 1105 692 1163 ἐπιφερομένους
735 1107 837 1156 τούς
866 1121 910 1147 τε
941 1106 1144 1159 α’ρίστους
1172 1107 1245 1147 ἐπί
1271 1104 1457 1160 κρημνὸν
1484 1104 1586 1147 σύν-

112 1175 189 1216 δυο
223 1189 269 1216 τε
306 1169 396 1228 ἅμα
436 1174 510 1215 καί
547 1175 743 1228 σύντρεις
785 1172 1124 1226 α’νακαγχοέζειν,
1170 1167 1232 1221 οἷς
1273 1169 1580 1214 ἐπισπεύδοντα

55 1251 99 1285 15
111 1242 211 1283 κυσί
237 1239 350 1295 λαγώ
381 1237 668 1293 ἐπιδιώκουσι,
696 1240 856 1287 παῖδας
879 1241 963 1280 τῶν
991 1242 1093 1292 παρ’
1123 1235 1260 1295 ἑαυτῷ
1282 1237 1477 1291 ἀρίστων,
1505 1236 1587 1280 σύν

109 1309 165 1364 τῷ
197 1307 365 1363 Σαουζῇ
397 1305 616 1360 ἀπιόντας,
642 1304 834 1347 ἐκέλευσε
854 1305 955 1353 τούς
985 1305 1172 1358 πατέρας
1193 1306 1336 1347 αὐτῶν
1366 1305 1589 1360 αὐτοχειρὶ

109 1373 450 1427 διαχρήσασθαι.
509 1370 587 1414 δύο
615 1373 663 1414 δὲ
692 1372 851 1414 τούτων
873 1374 1052 1426 λέγεται,
1081 1369 1139 1425 μὴ
1169 1369 1457 1424 ἐθελήσαντας
1484 1371 1585 1420 τοὺς

110 1440 266 1487 παῖδας
299 1438 444 1479 αὐτῶν
490 1438 747 1489 α’ποκτεΐναι,
790 1437 950 1487 αὐτούς
978 1453 1022 1479 τε
1062 1434 1151 1490 ἅμα
1191 1437 1356 1479 α’νελεΐν
1384 1437 1458 1479 καί
1484 1435 1585 1487 τούς

110 1506 266 1554 παῖδας
297 1505 439 1546 αὐτῶν
469 1506 669 1546 κελεῦσαι
700 1505 878 1546 α’νελεῖν.
947 1503 1091 1560 γνώμῃ
1123 1505 1168 1545 δὲ
1199 1503 1359 1559 ἔφασκε
1389 1505 1472 1545 τῶν
1501 1520 1583 1545 πα-

49 1573 239 1625 ἳθτέρων
265 1571 501 1627 ἀφικέσθαι
549 1570 648 1619 τοὺς
684 1572 841 1619 παῖδας
883 1569 955 1612 ἐπὶ
981 1570 1055 1611 τὸν
1086 1572 1292 1624 Σαουζῆν,
1327 1569 1399 1611 καί
1428 1570 1579 1624 ἀφικέ-

105 1640 210 1679 σθαι
242 1641 609 1690 ταλαντευομένων
639 1638 779 1679 αὐτῶν
812 1635 880 1678 ἐπ’
919 1635 1161 1691 ἀμφότερα.
1221 1638 1354 1678 ταῦτα
1380 1637 1426 1678 δὲ
1459 1649 1621 1690 ποιη-Β

104 1700 284 1755 σάμενον
313 1705 522 1745 ἐπιτεῖλαι
543 1735 556 1757 ‚
599 1705 831 1755 πέμψαντα
865 1697 1051 1757 ἄγγελον,
1082 1704 1140 1760 τῷ
1176 1699 1383 1757 Ἑλλήνων
1411 1705 1587 1756 βασιλεῖ

103 1766 175 1810 τόν
202 1770 336 1810 παῖδα
372 1768 425 1811 τὰ
469 1768 581 1812 αὐτοὶ
622 1768 759 1827 τούτῳ
800 1771 999 1824 ποιῆσαι,
1039 1764 1067 1824 ᾗ
1111 1771 1315 1811 συνέθετο
1360 1769 1479 1827 αὐτῷ
1505 1768 1581 1823 τήν

200 1898 252 1931 14.
280 1893 350 1947 οἷς]
379 1894 467 1935 offa?
598 1900 653 1933 15.
675 1896 793 1946 λαγώ]
822 1900 867 1932 cf.
896 1899 1063 1932 Hammer
1089 1899 1100 1932 1
1130 1910 1164 1944 p,
1194 1897 1260 1932 192

103 2034 179 2056 rum
206 2023 297 2066 fiiii3
336 2035 489 2070 quorum
519 2025 656 2058 auxilio
688 2025 864 2059 subnixus
902 2036 956 2058 res
980 2036 1085 2071 quam
1123 2024 1384 2077 animqsissime
1417 2023 1576 2066 gerebat.

101 2072 287 2104 Annus-ates
317 2077 502 2117 comperto
532 2073 598 2105 filii
623 2072 795 2113 discessu,
826 2084 845 2106 e
873 2073 1027 2116 vestigio
1066 2073 1250 2105 insecutus
1278 2076 1345 2111 est,
1373 2071 1575 2116 urbemque

100 2117 292 2151 obsidione
326 2118 575 2153 circumdedit.
647 2120 703 2152 illi
749 2120 811 2165 qui
838 2125 942 2152 erant
970 2131 1051 2152 cum
1080 2119 1208 2159 Sauze,
1234 2119 1327 2151 fame
1356 2119 1572 2163 oppugnati,

98 2177 176 2198 cum
213 2172 318 2200 antea
342 2167 484 2199 nullum
518 2167 740 2201 frumentum
780 2168 818 2200 in
853 2178 970 2200 arcein
1007 2167 1297 2210 congessissent,
1335 2171 1450 2198 semet
1485 2165 1572 2198 fidei

97 2213 275 2246 Amuratis
316 2215 395 2247 sine
421 2214 653 2259 pactionibus
690 2214 884 2247 tradidere.
949 2216 1133 2247 Amurates
1169 2214 1294 2258 itaque
1336 2224 1416 2246 cum
1444 2212 1571 2245 urbem

98 2259 193 2293 fame
219 2266 381 2294 enectam
419 2263 635 2306 accepisset,
675 2263 781 2295 etiam
809 2262 958 2294 Sauzem
989 2262 1105 2294 filium
1146 2262 1270 2306 cepit3
1309 2271 1416 2305 quem
1456 2260 1571 2293 oculis

96 2307 228 2352 privari
258 2308 372 2342 iussit.
410 2308 567 2341 Graecos
591 2314 711 2341 autem
742 2309 903 2353 reliquos
933 2319 976 2340 ex
1006 2309 1094 2340 urbe
1118 2308 1259 2340 vinctos
1287 2307 1504 2352 praecipites
1533 2308 1571 2341 in

97 2354 230 2388 flumen
257 2355 461 2389 subiectum
489 2355 598 2388 deiici
627 2357 825 2400 imperavit.
883 2355 1006 2388 castris
1031 2360 1151 2388 autem
1190 2356 1289 2388 iuxta
1318 2354 1452 2387 flumen
1481 2355 1570 2394 fixis,

97 2401 284 2446 spectabat
325 2403 516 2448 optimates
543 2403 758 2436 Graecorum
803 2409 843 2436 ut
882 2403 1211 2447 praecipitarentur
1250 2413 1294 2434 ex
1337 2401 1445 2441 urbe,
1475 2413 1572 2435 nunc

98 2447 197 2490 bini,
225 2449 359 2483 deinde
401 2456 438 2483 et
465 2451 570 2483 terni.
630 2450 750 2483 studio
776 2449 910 2483 deinde
943 2449 1130 2495 spectandi
1169 2448 1356 2487 addictus.
1393 2459 1472 2481 cum
1513 2449 1571 2482 in-

97 2497 308 2531 tervenisset
348 2508 391 2530 ex
417 2498 610 2542 improviso
652 2498 756 2543 lepus
788 2509 808 2530 a
843 2497 994 2530 canibus
1033 2497 1202 2541 agitatus,
1238 2496 1352 2528 fertur
1381 2496 1570 2530 cachinum

97 2543 296 2578 sustulisse.
345 2544 520 2589 posthaec
552 2545 763 2589 parentibus
804 2556 927 2577 eorum
955 2545 1017 2590 qui
1051 2556 1088 2576 se
1115 2545 1309 2576 iunxerant
1337 2543 1443 2576 Sauzi
1470 2543 1568 2576 sedi-

95 2591 234 2624 tionem
257 2593 467 2632 concitanti,
502 2593 688 2638 praecepit
722 2598 760 2626 ut
784 2592 877 2625 filios
917 2598 1089 2624 necarent
1119 2592 1191 2623 suis
1218 2589 1396 2623 manibus.
1446 2596 1568 2635 patres

96 2637 170 2670 duo
194 2638 311 2679 fuere,
339 2640 401 2684 qui
428 2639 581 2672 noluere
621 2645 692 2673 tam
718 2639 865 2672 crudele
893 2639 1023 2684 exequi
1066 2639 1267 2682 imperium.
1326 2637 1409 2670 hinc
1436 2643 1472 2671 et
1502 2639 1570 2683 ipsi

96 2685 266 2718 trucidati
291 2691 374 2718 sunt
403 2686 510 2718 simul
536 2698 615 2719 cum
646 2687 743 2722 filiis.
793 2698 875 2720 nam
903 2685 1022 2719 dicere
1049 2685 1194 2718 solebat
1221 2697 1452 2731 nequaquam
1479 2686 1569 2719 istos

95 2732 183 2765 citra
209 2733 361 2765 consilia
388 2738 576 2778 parentum
604 2733 782 2767 defecisse
822 2733 868 2766 ad
893 2733 1057 2766 Sauzem.
1109 2743 1206 2765 nunc
1233 2738 1353 2766 autem
1373 2743 1463 2769 *cum
1491 2733 1570 2765 for-

95 2784 184 2822 tuna
220 2785 368 2814 utantur
401 2779 523 2822 dubia,
552 2791 613 2814 eos
637 2786 765 2816 nutare
799 2781 838 2815 in
878 2786 1071 2826 utramque
1096 2784 1247 2826 partem.
1297 2778 1354 2814 his
1379 2780 1429 2814 ita
1457 2791 1569 2825 expe-
