1884 3178
481 228 553 267 DE
590 225 766 266 REBUS
813 220 1068 263 TURClClS
1109 221 1155 260 L.
1186 221 1218 259 1.
1517 211 1579 256 37

113 328 184 371 καὶ
223 325 454 381 συμβαλών
495 325 628 366 αὐτοῦ
659 323 788 379 ταύτῃ
828 319 1039 374 ἐτρέψατό
1071 334 1116 360 τε
1153 317 1252 367 τούς
1286 316 1484 370 Μυσούς,
1516 318 1588 358 καί

115 397 362 451 διέφθειρεν
403 392 454 433 ου’
484 387 685 444 πολλούς,
714 388 1002 434 διασωθέντας
1040 386 1111 426 ἐπὶ
1149 384 1201 426 τοὶ
1240 385 1284 433 ές
1328 379 1583 437 τὸνἼστρον

115 461 269 515 χωρία.
340 453 782 512 διαπρεσβευσάμενος
810 454 857 494 δὲ
894 450 997 505 πρὸς
1037 448 1304 505 ’Λμουράτην
1333 447 1585 502 Σούσμανος

117 526 139 568 ὅ
166 525 444 579 Ἀλεξάνδρου
484 519 669 569 σπονδάς
700 535 746 562 τε
766 515 1004 572 ἐποιήσατο
1051 518 1124 557 καί
1163 519 1442 568 συμμαχίαν,
1474 511 1585 556 ὥστε

85 591 186 642 5τὸν
212 590 342 634 αὐτὸν
369 588 528 643 ἐχθρόν
555 603 599 629 τε
629 588 702 628 καί
729 586 853 641 φίλον
880 585 1080 636 νομίζειν,
1104 583 1178 623 καί
1205 581 1434 636 ἐπιγαμίαν
1461 595 1589 635 ποιη-

117 657 298 711 σάμενος
334 658 550 710 θυγατέρα
594 654 757 707 αὐτοῦ,
792 650 934 692 κάλλει
961 665 1004 691 τε
1045 647 1374 704 ὑπερφέρουσαν
1403 646 1477 688 καί
1502 645 1585 687 αἠὀ
1606 660 1637 693 D

109 724 350 779 Ἑβραῖδος,
380 721 432 777 ἢν
460 718 636 775 ἠγάγετο
665 720 872 772 τρωθείς,
915 719 1188 770 γεννηθεῖσαν
1206 746 1218 767 ,
1249 715 1308 770 τῷ
1336 713 1590 769 Ἀμουράτῃ,
1629 707 1633 716 “

117 792 282 842 ἐξέδοτο
313 791 456 842 μέντοι
487 786 560 828 καί
587 784 734 839 ἑτέραν
755 787 813 842 τῷ
835 781 1041 837 Ἑλλήνων
1064 785 1247 836 βασιλεῖ,
1278 778 1325 830 ὃς
1357 781 1586 835 τηνικαῦτα
1601 791 1644 826 V.
1662 789 1704 823 15

120 855 458 913 [τοῦἛλλήνων]
502 851 574 895 τὸν
613 847 971 905 Καντακουζηνὸν
1019 845 1280 904 α’φελόμενος
1329 846 1405 902 την
1449 845 1590 901 α’ρχην

60 922 341 976 ἰοὲβασίλευε
383 923 527 975 γένους
560 921 634 960 τοῦ
665 917 915 972 Ἑλληνικοῦ.
990 913 1012 955 ὅ
1042 916 1188 967 μέντοι
1220 911 1593 967 Καντακουζηνός,

120 989 255 1032 ἐπείτε
285 985 507 1040 ἐβασίλευε
535 986 691 1033 παῖδας
720 984 798 1025 δύο
827 981 961 1037 ἔχων,
990 982 1064 1023 τὸν
1095 982 1174 1034 μὲν
1205 982 1410 1035 νεώτερον
1437 980 1594 1032 Ἐμμα-

120 1054 249 1109 vovist-
281 1052 470 1107 ἔπεμψεν
513 1054 556 1100 ές
595 1050 922 1106 Πελοπόννησον
965 1045 1153 1103 ἡγεμόνα
1181 1049 1254 1101 τῆς
1284 1046 1494 1101 Σπάρτης,
1522 1043 1596 1086 τὸν

123 1122 170 1164 δὲ
201 1121 485 1173 πρεσβύτερον
514 1118 740 1172 καθίστησι
768 1117 948 1170 βασιλέα
979 1120 1065 1164 τοῖς
1088 1112 1294 1169 Ἓλλησιν.
1321 1110 1519 1167 Ἰωάννης
1549 1112 1596 1152 δὲ

124 1186 146 1228 ὁ
177 1189 254 1228 τοῦ
292 1181 561 1238 Ἀνδρονίκου
596 1189 722 1235 παῖς,
756 1182 812 1231 ὥς
842 1181 915 1224 ἐπὶ
942 1180 986 1224 τὸ
1019 1179 1165 1223 ἱκανὸν
1191 1180 1266 1233 τῆς
1298 1179 1462 1232 ἡλικίας
1489 1177 1596 1234 ἄφί-

70 1261 112 1295 15
126 1267 230 1306 κετο,
260 1250 488 1294 συνίστατό
523 1266 566 1293 τε
593 1256 679 1300 τοῖς
701 1246 868 1305 Ἕλλησι
890 1247 963 1290 καί
989 1249 1234 1290 συνετίθετο
1264 1244 1408 1294 αὐτοῖς
1439 1245 1495 1293 ὥς
1527 1245 1600 1285 ἐπὶ

125 1316 203 1374 τῆν
230 1319 452 1372 βασιλείαν
482 1317 745 1372 ἀφιξόμενος.
775 1315 901 1370 ἔτυχε
939 1316 986 1358 δὲ
1019 1313 1184 1362 διαίτας
1213 1311 1324 1367 ἔχων
1352 1314 1396 1354 ἐν
1423 1314 1475 1368 τῇ
1495 1314 1599 1353 Μα-
1613 1322 1647 1356 Ρ.
1667 1321 1710 1354 19

125 1386 304 1441 κεδονίᾳ.
363 1382 403 1425 οῖ
449 1385 496 1425 δὲ
515 1380 707 1438 Ἕλληνες
750 1380 984 1436 α’χθόμενοι
1017 1383 1066 1437 τῇ
1098 1378 1237 1436 διαίτῃ
1269 1381 1343 1420 καί
1371 1374 1498 1433 ὕβρει
1525 1378 1602 1418 τοῦ

126 1452 358 1506 βασιλέως,
405 1449 464 1498 ὥς
505 1447 680 1497 ἕκαστος
727 1445 840 1502 εἶχεν
892 1449 1032 1496 αἰτίας
1071 1447 1205 1502 αὐτῷ,
1233 1442 1488 1499 ἐπαγόμενοι
1520 1442 1600 1486 ἀπὸ

133 1517 411 1564 ΙΗακεδονιάς
439 1513 513 1557 τὸν
541 1517 712 1557 νεανίαν
748 1517 791 1563 ἐς
823 1513 901 1568 τήν
929 1512 1151 1567 βασιλείαν
1180 1510 1501 1566 κατεστήσαντο.
1547 1509 1604 1558 ὥς

70 1589 116 1624 20
131 1585 176 1626 δὲ
206 1584 250 1632 ἐς
279 1581 356 1637 τὴν
385 1582 607 1636 βασιλείαν
636 1583 829 1636 κατέστη,
859 1579 930 1622 τὸν
951 1582 1096 1633 μέντοι
1120 1577 1476 1633 Καντακουζηνὸν
1507 1581 1605 1621 Να-

130 1655 304 1706 ζηραῖον
338 1649 597 1704 ἐποιήσατο,
628 1651 867 1691 Ματθαῖον
905 1643 1108 1699 τοῦνομα.
1185 1643 1205 1685 ὅ
1245 1644 1392 1687 τούτου
1426 1646 1473 1686 δὲ
1505 1659 1606 1697 πρε-

127 1715 330 1773 σβύτερος
376 1721 496 1771 παῖς,
535 1714 581 1757 ὃν
621 1715 814 1765 ἀπέδειξε
858 1716 1038 1768 βασιλέα
1078 1710 1402 1767 τοῖςἛλλησιν,
1431 1711 1607 1767 α’φίκετο

232 1836 264 1868 1-
292 1835 500 1881 ἐστρέψατο
527 1833 551 1866 Ρ
670 1833 703 1866 7.
729 1830 946 1880 ’Λμσυράιῃ
971 1831 1128 1873 ἐξέδοτο,
1154 1831 1299 1871 ἐξέδοτο
1326 1829 1487 1877 μέντοι.)

130 1942 278 1977 Pherras
317 1941 454 1982 urbem,
479 1939 647 1975 adversus
673 1940 887 1974 Susmanum
921 1941 1057 1984 Mysiae
1093 1949 1208 1983 regem
1244 1950 1339 1971 arma
1367 1937 1476 1983 cepit.
1529 1942 1609 1971 tau-

130 1990 213 2023 dem
255 2001 335 2022 cum
371 1989 495 2031 Mysiis
531 2000 657 2021 manus
691 1989 893 2030 conseruit3
935 1999 1088 2033 quorum
1122 1986 1309 2020 interfeci&
1339 1996 1495 2030 paucos,
1528 1995 1610 2018 cum

132 2038 216 2082 suga
246 2036 446 2069 evasissent
480 2035 648 2069 inviolati
678 2035 723 2068 ad
753 2036 832 2068 loca
861 2037 952 2068 istro
997 2035 1172 2079 proxima.
1225 2034 1418 2066 Susmanus
1444 2031 1532 2066 inde
1557 2032 1611 2064 le-

131 2085 221 2129 gatis
244 2084 361 2117 missis
389 2083 435 2116 ad
463 2084 680 2123 Amuratem,
709 2083 771 2128 qni
798 2093 926 2127 pacem
960 2087 1116 2122 orarent,
1144 2080 1293 2114 foedere
1320 2081 1392 2113 icto
1429 2080 1467 2112 in
1491 2080 1612 2113 socie-

130 2137 240 2166 tatem
279 2135 447 2175 acceptus
486 2135 563 2170 est,
612 2135 652 2163 ut
687 2129 860 2175 deinceps
905 2129 1038 2174 hospes
1078 2135 1114 2162 et
1150 2128 1282 2160 amicus
1317 2127 1478 2160 Amurati
1503 2127 1609 2160 foret.

130 2179 217 2213 hinc
243 2183 280 2211 et
298 2177 413 2211 affinis
443 2178 602 2210 Amurati
628 2177 742 2210 factus
768 2183 834 2217 est,
865 2176 951 2210 data
976 2177 1014 2209 in
1042 2187 1189 2209 uxorem
1216 2175 1293 2207 filia
1318 2187 1381 2208 sua
1410 2175 1522 2206 forma
1547 2185 1612 2206 ex-

131 2227 302 2267 cellente,
331 2236 374 2258 ex
410 2224 556 2264 Braide,
595 2235 702 2269 quam
742 2235 893 2256 uxorem
933 2224 1145 2257 vulneratus
1181 2221 1352 2263 duxerat,
1379 2226 1613 2266 prognatam:

131 2274 284 2307 alteram
308 2271 492 2306 connubio
530 2272 698 2304 iunxerat
723 2272 946 2304 Graecorum
983 2271 1085 2315 regi,
1112 2269 1318 2303 Andronico
1347 2268 1495 2301 Ioannis
1522 2268 1611 2300 filio.

133 2323 288 2354 Ioannes
317 2320 413 2352 enim
443 2330 551 2363 reguo
579 2319 650 2351 iam
678 2319 869 2363 expulerat
889 2319 1197 2358 Cantaeuzenum,
1226 2317 1289 2361 qui
1315 2327 1466 2362 puerum
1495 2316 1613 2360 ipsum

136 2367 375 2412 gubernarat:
417 2377 495 2399 cum
539 2371 680 2410 arrepto
726 2367 946 2399 Graecorum
983 2376 1107 2410 reguo,
1134 2365 1293 2397 ffliorum
1322 2374 1412 2408 quos
1455 2361 1614 2395 habebat

135 2415 304 2456 aiterum,
333 2413 598 2446 Emmanuelem
625 2419 713 2446 natu
752 2414 941 2454 minorem,
968 2412 1067 2446 misit
1094 2413 1132 2445 in
1160 2412 1459 2456 Peleponnesum,
1489 2415 1529 2443 ut.
1554 2420 1615 2442 es-

135 2467 192 2495 set
215 2460 288 2494 dux
314 2461 514 2502 Mizithrae‚
542 2472 634 2505 quae
660 2461 747 2493 olim
772 2462 923 2504 Sparta5
954 2465 1040 2493 natu
1065 2471 1151 2493 vero
1180 2460 1367 2498 maiorem,
1395 2457 1614 2490 Graecorum

138 2519 256 2553 regem
282 2519 359 2542 esse
393 2508 506 2540 iubet.
559 2509 713 2540 Ioannes
752 2513 872 2540 autem
911 2506 1113 2540 Andronici
1144 2505 1265 2547 filius,
1308 2516 1388 2537 cum
1425 2503 1497 2547 iam
1535 2514 1615 2537 eam

137 2557 318 2600 attigisset
342 2560 496 2588 aetatem
523 2566 616 2600 quae
645 2555 750 2587 rebus
779 2554 951 2599 gerendis
986 2553 1118 2587 idonea
1145 2558 1234 2593 erat,
1261 2551 1535 2596 conspiratione
1561 2551 1617 2583 fa-

138 2609 195 2636 cta
221 2613 300 2635 cum
331 2602 498 2643 Graecis,
532 2603 670 2645 rogavit
697 2607 736 2635 ut
763 2613 874 2646 regno
900 2601 1165 2647 praeficeretur.
1221 2598 1349 2632 eodem
1375 2603 1496 2632 autem
1523 2603 1616 2632 tem-

138 2661 227 2695 pore
255 2661 317 2682 rex
352 2650 390 2682 in
424 2648 638 2682 Macedonia
667 2649 807 2693 agebat,
839 2649 1080 2682 luxuriosiore
1111 2648 1208 2682 victu
1236 2646 1616 2691 etintemperantiore

140 2697 351 2730 dissolutus.
404 2696 531 2728 Graeci
561 2696 789 2740 indignantes
817 2700 964 2742 propter
990 2695 1106 2729 victus
1132 2694 1309 2727 rationem
1329 2692 1615 2732 dissolutiorem,

141 2749 178 2778 et
201 2743 362 2777 convicia
391 2743 461 2786 regi
493 2743 685 2784 facientes,
710 2748 751 2776 ut
775 2743 930 2789 quisque
958 2741 1117 2775 habebat
1145 2739 1247 2786 quod
1275 2739 1416 2774 crimini
1445 2744 1617 2779 verteret,

146 2792 319 2825 Ioannem
346 2789 542 2824 Andronici
573 2790 686 2824 filium
712 2791 750 2823 in
770 2790 1017 2825 Macedoniam
1045 2787 1238 2822 abductum
1266 2789 1446 2822 communi
1471 2798 1617 2820 assensu
