1774 3204
232 182 325 227 520
558 187 776 229 LAONICI
817 186 1320 229 CHALCOCONDYLAE

227 289 398 339 Λέσβου
428 287 468 325 οἵ
495 299 539 325 τε
567 282 887 338 Ταρακοννὴσιοι
915 285 985 325 ἐπὶ
1003 287 1190 341 λῃστείαν
1215 286 1320 326 κατά
1347 283 1559 327 θάλατταν
1586 300 1654 326 τε·
1752 300 1769 340 '5

225 353 463 403 τραμμένοι,
497 351 568 389 καί
595 348 632 389 οἱ
661 349 741 389 ἀπὸ
762 348 995 391 Κυκλάδων
1014 347 1150 403 νήσων
1175 349 1327 404 ταύτην
1345 347 1550 402 μετιόντες
1579 350 1655 404 τὴν
1754 343 1762 371 ³

188 414 437 469 Ολῃστικήν,
467 415 669 467 ἐληίζοντο
711 414 783 467 τήν
811 415 1014 466 βασιλέως
1039 412 1203 468 χώραν,
1230 417 1300 456 καί
1329 414 1653 469 ὑποστρέφοντες
1756 419 1774 467 4¹

92 486 213 520 v.216
225 481 266 528 ές
294 478 369 531 τὴν
395 480 581 530 Λέσβον,
626 475 931 530 διανειμάμενοι
970 478 1019 519 τά
1048 480 1303 532 α’νδράποδα,
1330 484 1482 531 μοῖραν
1509 480 1652 531 παρεί-
1767 483 1771 490 “’

222 557 343 594 χοντο
371 543 482 597 αὐτῷ
511 540 654 594 ἱκανήν
698 544 768 582 καί
796 543 848 582 ου’
889 543 1064 598 φαύλην.
1126 545 1262 583 ταῦτα
1291 542 1347 590 ὥς
1370 542 1580 595 α’νηνέχθη
1609 542 1684 588 ἑς5
1770 594 1774 595 ⁷

221 608 412 659 βασιλέα,
442 609 588 658 ἐπῆρεν
618 605 743 647 αὐτὸν
771 609 1071 658 στρατεύεσθαι
1100 606 1168 648 sm·
1193 610 1371 659 Λέσβον.
1429 603 1449 645 ὅ
1481 608 1527 647 δὲ
1557 605 1653 660 ἦγε·
1758 614 1774 680 ἓ

222 670 312 723 μῶν
339 674 410 725 τῆς
434 674 602 723 Λέσβου
626 673 857 722 Δομίνικος,
879 671 1106 725 Ἑλληνιστί
1134 674 1180 713 δὲ
1210 671 1432 725 Κυριακός,
1459 663 1654 724 νεώτερος
1755 660 1760 672 ⁵

224 736 406 790 α’δελφὸς
436 732 492 775 ὢν
520 733 589 775 τὸν
619 736 893 787 πρεσβύτερον
933 735 1224 787 διαδεξάμενον
1255 733 1369 787 παρὰ
1397 737 1474 775 τοῦ
1497 731 1654 788 πατρὸς

223 798 296 852 τὴν
323 799 543 853 ἡγεμονίαν
584 802 655 853 τῆς
687 802 856 851 Λέσβου
896 801 966 839 καί
1005 801 1197 841 διέποντα
1234 799 1304 840 έπί
1339 797 1488 852 χρόνον
1514 797 1656 839 ἱκανὸν

223 864 522 916 ἐπιβουλεύσας
560 867 759 915 συνέλαβε
806 866 876 905 καί
906 867 1148 918 κατέστησε,
1180 867 1393 920 Βαπτιστῇ
1418 860 1542 918 άνδρί
1563 859 1654 904 Ἰα-
1671 872 1714 906 10
1771 855 1774 860 ’

224 929 323 984 νυῖῳ
349 926 608 981 χρησάμενος
638 929 819 983 συνεργῷ
846 926 888 975 ές
913 927 984 982 τήν
1011 928 1245 982 ἐπιβουλήν.
1299 930 1386 980 μετ’
1405 928 1458 967 ου’
1475 925 1576 967 noan}
1611 927 1658 967 δὲ

226 991 556 1046 διαχρησάμενος
595 991 663 1032 τὸν
692 993 875 1046 ἀδελφὸν
903 991 1128 1046 ἡγεμόνευε
1155 994 1226 1046 τῆς
1254 992 1380 1046 νήσου
1398 1026 1408 1046 ,
1437 990 1659 1045 ἀπαγαγών

230 1055 362 1111 φόρον
392 1058 448 1113 τῷ
476 1061 647 1108 βασιλεῖ
677 1059 718 1104 ἐς
760 1059 988 1109 δισχιλίους
1017 1059 1236 1110 στατῆρας.
1296 1056 1337 1098 τὸ
1366 1059 1411 1098 δὲ
1441 1059 1554 1108 γένος
1578 1057 1660 1098 τῶν

187 1122 441 1175 Βῆγεμόνων
476 1120 634 1162 τούτων
677 1123 746 1175 τῆς
783 1124 974 1175 Λέσβου,
1006 1122 1298 1171 Κατελουίζων
1330 1118 1659 1172 ἐπικαλούμενον,

230 1188 348 1227 δοκεῖ
367 1189 445 1236 μὲν
474 1185 555 1226 «ind
576 1182 765 1239 Ἰανυίης
800 1188 1012 1241 γενέσθαι,
1043 1186 1295 1241 ἀφικόμενον
1325 1187 1371 1227 δὲ
1398 1186 1469 1227 ἐπὶ
1493 1200 1659 1238 συμμα-
1673 1194 1716 1227 15

225 1250 326 1303 χιάν
354 1252 435 1291 τῶν
463 1249 664 1304 Ἑλλήνων
698 1251 933 1299 Βυζαντίου
971 1253 1162 1304 βασιλεῖ’,
1204 1248 1342 1303 ἔχοντι
1379 1249 1558 1302 ὑπήκοον
1586 1246 1661 1302 τὴν

226 1317 349 1367 νῆσον
390 1311 572 1367 ταύτην,
610 1315 901 1366 συμβαλέσθαι
939 1329 980 1355 τε
1027 1314 1098 1355 καί
1124 1313 1384 1368 ὑπουργῆσαι
1418 1312 1578 1366 μεγάλα
1605 1313 1663 1369 τῷ

227 1382 403 1432 βασιλεῖ,
433 1379 485 1418 δι’
511 1377 540 1417 οἳ
570 1377 619 1431 δὴ
651 1377 795 1432 σφίσιν
825 1380 1103 1432 ἐπιτραπῆναι
1132 1379 1203 1432 τήν
1229 1381 1352 1433 νῆσον
1367 1377 1449 1419 ὑπὸ
1477 1378 1557 1420 τῶν
1583 1380 1660 1430 βα-

228 1446 375 1484 σιλέων
411 1438 570 1496 ἄρχειν.
635 1445 881 1495 κατέχοντας
924 1446 970 1484 δὲ
1007 1442 1159 1497 ταύτην
1193 1442 1264 1496 τὴν
1302 1445 1445 1496 νῆσον,
1485 1440 1660 1496 ὕστερον

230 1507 498 1562 (ὁρμημένους
539 1509 619 1548 οἷπό
649 1507 818 1561 ταύτης,
855 1512 1098 1560 καταλαβεῖν
1126 1505 1257 1550 Αἶνον
1289 1508 1407 1548 πόλιν
1434 1506 1510 1561 τὴν
1538 1508 1582 1548 ἐν
1610 1507 1715 1562 τῇ20

233 1572 372 1629 Θράκῃ
402 1573 515 1628 παρὰ
557 1576 614 1629 τῷ
631 1571 763 1629 “Ἐβρῳ
800 1575 979 1628 ποταμῷ,
1009 1576 1303 1625 διενεχθέντων
1331 1574 1412 1614 ταῖν
1439 1574 1483 1613 έν
1510 1573 1558 1627 τῇ
1583 1569 1657 1612 πό-

232 1643 294 1678 λει
323 1638 426 1691 πρὸς
462 1637 535 1679 τὸν
573 1640 693 1694 τῇδε-
707 1639 836 1679 αὐτοῦ’
861 1641 931 1692 τῆς
963 1636 1118 1686 πόλεως
1152 1637 1382 1692 ἁρμοστήν,
1414 1640 1483 1679 καί
1515 1641 1659 1693 σφίσιν

326 1739 379 1772 15.
411 1737 480 1774 ὑπὸ
506 1740 530 1772 Ρ

232 1818 276 1850 ab
304 1817 418 1850 Lesbo
446 1823 692 1862 procursantes
727 1818 770 1850 ad
809 1818 981 1850 maritima
1006 1816 1209 1855 latrocinia,
1237 1826 1377 1848 necnon
1401 1814 1438 1846 hi
1461 1814 1523 1858 qui
1551 1813 1656 1859 dege-

233 1865 319 1896 bant
344 1865 380 1896 in
406 1865 529 1897 insulis
554 1863 765 1906 Cycladibus
804 1863 897 1896 idem
924 1862 1064 1896 vivendi
1089 1863 1290 1895 institutum
1315 1861 1540 1904 occipientes,
1567 1859 1657 1902 regis

233 1911 408 1954 regionem
434 1909 660 1955 diripiebant.
709 1909 838 1941 deinde
864 1914 1078 1941 revertentes
1109 1909 1225 1940 onusti
1251 1907 1502 1950 mancipiorum
1528 1905 1657 1950 praeda

232 1957 270 1988 in
295 1956 463 1996 Lesbum,
498 1967 538 1988 ea
568 1957 660 1988 inter
683 1966 757 1988 sese
783 1956 1048 2000 partiebantur,
1074 1954 1290 1998 assignantes
1315 1951 1442 1985 Lesbio
1467 1951 1547 1984 duci
1574 1962 1657 1995 par-

233 2009 302 2035 tem
326 2013 487 2045 magnam
517 2008 553 2035 et
577 2003 782 2045 neutiquam
818 1999 1124 2034 contemnendam.
1180 1999 1266 2032 haec
1295 2009 1372 2031 cum
1398 1998 1658 2038 nuntiarentur,

234 2050 328 2092 regi,
365 2054 478 2081 motus
516 2053 568 2080 est
602 2048 647 2080 ad
685 2047 816 2079 bellum
852 2047 1076 2079 inferendum
1102 2045 1226 2078 Lesbio
1264 2045 1426 2090 principi.
1486 2049 1522 2077 at
1554 2042 1657 2076 Lesbi
1700 2063 1702 2065 ·

234 2097 395 2138 princeps
421 2095 636 2132 Dominicrrs,
661 2104 765 2137 quem
792 2094 918 2125 Graeci
946 2093 1126 2134 Cyriacum
1149 2097 1286 2130 vocant,
1313 2092 1423 2123 frater
1445 2090 1574 2133 iunior,
1599 2099 1656 2121 se-

233 2142 392 2180 niorem,
430 2141 490 2184 qui
523 2151 542 2172 a
579 2145 678 2183 patre
703 2138 806 2171 Lesbi
830 2139 1065 2183 principatum
1100 2143 1281 2181 acceperat
1311 2146 1461 2180 eumque
1497 2139 1656 2180 tempore

234 2187 341 2229 longo
378 2186 661 2225 administrarat,
687 2185 822 2217 insidiis
862 2185 1135 2217 circumventum
1160 2183 1271 2227 cepit,
1302 2187 1337 2214 et
1373 2181 1548 2226 Baptistae
1581 2181 1656 2213 viro

233 2233 418 2271 lauriensi,
447 2243 517 2276 quo
542 2243 625 2264 usus
664 2231 780 2263 fuerat
803 2231 1012 2263 auxiliatore
1034 2231 1071 2262 iu
1097 2228 1255 2268 insidiis,
1281 2227 1436 2260 tradidit.
1483 2237 1549 2259 nec
1573 2236 1657 2259 sane

234 2279 340 2322 longo
368 2278 552 2310 interiecto
581 2283 738 2320 tempore
777 2276 918 2308 fratrem
953 2276 1159 2314 obtruncat,
1194 2279 1300 2318 atque
1335 2274 1430 2306 solus
1456 2273 1657 2318 principatu

234 2326 379 2368 potitur,
409 2323 566 2368 pendens
595 2323 665 2366 regi
694 2322 864 2355 tributum
891 2321 1082 2366 quotannis
1106 2321 1244 2353 circiter
1270 2319 1341 2352 duo
1366 2319 1465 2351 milia
1491 2323 1657 2351 staterum

236 2381 432 2403 aureorum.
485 2380 594 2412 genus
630 2369 826 2413 principum
849 2368 1002 2406 illorum,
1028 2366 1176 2398 Lesbum
1209 2366 1270 2410 qui
1297 2365 1465 2409 regebant
1490 2369 1526 2397 et
1549 2365 1657 2397 Cate-

235 2418 315 2448 lusii
343 2416 650 2460 nuncupabantur,
679 2420 825 2459 apparet
851 2413 895 2445 ab
928 2412 1159 2445 Ianuensibus
1185 2411 1323 2444 deduci.
1371 2422 1451 2443 nam
1474 2411 1658 2444 venientes

235 2463 368 2495 auxilio
394 2463 607 2494 Graecorum
639 2461 711 2503 regi
727 2485 735 2499 ‚
761 2461 822 2504 qui
848 2460 1055 2501 Byzantium
1080 2457 1225 2490 tenebat
1250 2463 1286 2490 et
1310 2469 1384 2490 eam
1414 2457 1564 2489 insulam
1589 2457 1658 2488 im-

235 2509 333 2553 perio
362 2508 603 2552 temperabat,
644 2512 785 2539 strenue
825 2517 904 2538 eum
933 2505 1138 2537 adiutarunt
1170 2509 1276 2548 atque
1303 2514 1424 2546 magna
1454 2504 1657 2535 effecerunt.

236 2565 295 2585 rex
321 2555 426 2596 igitur
452 2553 647 2596 Byzantius,
674 2557 713 2585 ut
737 2553 888 2585 virorum
914 2551 1056 2583 iliorum
1084 2551 1246 2582 virtutem
1272 2550 1391 2593 aliquo
1419 2547 1523 2582 modo
1549 2557 1658 2581 vene-

237 2605 380 2639 raretur,
410 2601 453 2632 iis
477 2599 648 2632 concessit
678 2599 811 2630 insulae
850 2597 954 2630 huius
989 2597 1231 2639 principatum.
1291 2596 1352 2639 qui
1390 2599 1551 2628 tenentes
1579 2603 1656 2626 eam

237 2646 388 2678 insulam
424 2645 566 2678 tandem
601 2644 685 2676 inde
723 2644 894 2688 progressi
933 2649 1037 2682 sunt,
1075 2648 1114 2674 ut
1140 2647 1352 2685 occuparent
1377 2642 1511 2674 Aenum
1537 2639 1656 2671 urbem

236 2691 419 2732 Thraciae,
450 2693 544 2724 iuxta
571 2690 702 2724 flumen
730 2690 892 2723 Hebrum.
943 2700 1020 2722 nam
1048 2688 1139 2721 cives
1167 2689 1241 2720 eius
1266 2687 1360 2720 urbis
1383 2685 1660 2721 adversabantur
