<?xml version="1.0" encoding="UTF-8"?>
<!DOCTYPE html PUBLIC "-//W3C//DTD XHTML 1.0 Transitional//EN"
    "http://www.w3.org/TR/xhtml1/DTD/xhtml1-transitional.dtd">
<html xmlns="http://www.w3.org/1999/xhtml" xml:lang="en" lang="en">
 <head>
  <title>
</title>
<meta http-equiv="Content-Type" content="text/html;charset=utf-8" />
  <meta name='ocr-system' content='tesseract 3.04.00' />
  <meta name='ocr-capabilities' content='ocr_page ocr_carea ocr_par ocr_line ocrx_word'/>
</head>
<body>
  <div class='ocr_page' id='page_1' title='image "./corpusscriptorum32niebuoft_0563.png"; bbox 0 0 1858 3210; ppageno 0'>
   <div class='ocr_carea' id='block_1_1' title="bbox 502 201 1590 248">
    <p class='ocr_par' dir='ltr' id='par_1_1' title="bbox 502 201 1590 248">
     <span class='ocr_line' id='line_1_1' title="bbox 502 201 1590 248; baseline 0 -1"><span class='ocrx_word' id='word_1_1' title='bbox 502 207 575 247; x_wconf 91' lang='lat' dir='ltr'><strong>DE</strong></span> <span class='ocrx_word' id='word_1_2' title='bbox 615 207 785 248; x_wconf 85' lang='lat' dir='ltr'><strong>REBUS</strong></span> <span class='ocrx_word' id='word_1_3' title='bbox 824 205 1078 248; x_wconf 87' lang='lat' dir='ltr'><strong>TURClClS</strong></span> <span class='ocrx_word' id='word_1_4' title='bbox 1105 207 1151 246; x_wconf 90' lang='lat' dir='ltr'><strong>L.</strong></span> <span class='ocrx_word' id='word_1_5' title='bbox 1180 205 1232 246; x_wconf 88' lang='lat' dir='ltr'><strong>X.</strong></span> <span class='ocrx_word' id='word_1_6' title='bbox 1498 201 1590 247; x_wconf 83' lang='lat'><strong>551</strong></span> 
     </span>
    </p>
   </div>
   <div class='ocr_carea' id='block_1_2' title="bbox 0 303 1639 1439">
    <p class='ocr_par' dir='ltr' id='par_1_2' title="bbox 129 303 1600 364">
     <span class='ocr_line' id='line_1_2' title="bbox 129 303 1600 364; baseline -0.001 -15"><span class='ocrx_word' id='word_1_7' title='bbox 129 306 183 364; x_wconf 81' lang='grc' dir='ltr'><strong>τῇ</strong></span> <span class='ocrx_word' id='word_1_8' title='bbox 209 307 370 348; x_wconf 78' lang='grc' dir='ltr'><strong><em>ἐκείνου</em></strong></span> <span class='ocrx_word' id='word_1_9' title='bbox 400 303 524 364; x_wconf 77' lang='grc' dir='ltr'><strong><em>χώρᾳ</em></strong></span> <span class='ocrx_word' id='word_1_10' title='bbox 554 306 627 347; x_wconf 79' lang='grc' dir='ltr'><em>καί</em></span> <span class='ocrx_word' id='word_1_11' title='bbox 640 303 805 348; x_wconf 72' lang='grc' dir='ltr'><strong><em>εἴσοδον</em></strong></span> <span class='ocrx_word' id='word_1_12' title='bbox 836 303 983 360; x_wconf 74' lang='grc' dir='ltr'><strong><em>ἱκανήν</em></strong></span> <span class='ocrx_word' id='word_1_13' title='bbox 1010 305 1325 361; x_wconf 70' lang='grc' dir='ltr'><strong><em>ἀποφέρεσθαι.</em></strong></span> <span class='ocrx_word' id='word_1_14' title='bbox 1384 306 1521 348; x_wconf 80' lang='grc' dir='ltr'><strong><em>ταῦτα</em></strong></span> <span class='ocrx_word' id='word_1_15' title='bbox 1553 307 1600 347; x_wconf 82' lang='grc' dir='ltr'><strong>δὲ</strong></span> 
     </span>
    </p>

    <p class='ocr_par' dir='ltr' id='par_1_3' title="bbox 127 367 1602 426">
     <span class='ocr_line' id='line_1_3' title="bbox 127 367 1602 426; baseline 0 -13"><span class='ocrx_word' id='word_1_16' title='bbox 127 373 416 424; x_wconf 72' lang='grc' dir='ltr'><strong><em>συνθεμένους</em></strong></span> <span class='ocrx_word' id='word_1_17' title='bbox 445 377 531 420; x_wconf 83' lang='grc' dir='ltr'><strong><em>τοῖς</em></strong></span> <span class='ocrx_word' id='word_1_18' title='bbox 547 371 749 426; x_wconf 87' lang='grc' dir='ltr'><strong><em>Παίοσιν,</em></strong></span> <span class='ocrx_word' id='word_1_19' title='bbox 777 373 959 420; x_wconf 75' lang='grc' dir='ltr'><strong><em>ἐκείνους</em></strong></span> <span class='ocrx_word' id='word_1_20' title='bbox 984 373 1062 422; x_wconf 81' lang='grc' dir='ltr'><strong>μὲν</strong></span> <span class='ocrx_word' id='word_1_21' title='bbox 1082 369 1165 412; x_wconf 77' lang='grc' dir='ltr'><strong><em>ἀπὸ</em></strong></span> <span class='ocrx_word' id='word_1_22' title='bbox 1189 372 1266 413; x_wconf 82' lang='grc' dir='ltr'><strong>τοῦ</strong></span> <span class='ocrx_word' id='word_1_23' title='bbox 1283 367 1450 426; x_wconf 87' lang='grc' dir='ltr'><strong><em>Ἴστρου</em></strong></span> <span class='ocrx_word' id='word_1_24' title='bbox 1488 371 1602 426; x_wconf 77' lang='grc' dir='ltr'><strong><em>ἡμᾶς</em></strong></span> 
     </span>
    </p>

    <p class='ocr_par' dir='ltr' id='par_1_4' title="bbox 129 436 1599 493">
     <span class='ocr_line' id='line_1_4' title="bbox 129 436 1599 493; baseline 0.001 -14"><span class='ocrx_word' id='word_1_25' title='bbox 129 439 177 480; x_wconf 76' lang='grc' dir='ltr'><strong>δὲ</strong></span> <span class='ocrx_word' id='word_1_26' title='bbox 205 437 288 479; x_wconf 84' lang='grc' dir='ltr'><strong><em>α’πὸ</em></strong></span> <span class='ocrx_word' id='word_1_27' title='bbox 317 440 393 492; x_wconf 80' lang='grc' dir='ltr'><strong><em>τῆς</em></strong></span> <span class='ocrx_word' id='word_1_28' title='bbox 422 436 752 492; x_wconf 78' lang='grc' dir='ltr'><strong><em>Πελοποννήσου</em></strong></span> <span class='ocrx_word' id='word_1_29' title='bbox 798 436 1074 492; x_wconf 68' lang='grc' dir='ltr'><strong><em>ὡρμημένους</em></strong></span> <span class='ocrx_word' id='word_1_30' title='bbox 1101 439 1334 492; x_wconf 76' lang='grc' dir='ltr'><strong><em>ἐπιχειρεῖν</em></strong></span> <span class='ocrx_word' id='word_1_31' title='bbox 1361 441 1411 493; x_wconf 83' lang='grc' dir='ltr'><strong>τῇ</strong></span> <span class='ocrx_word' id='word_1_32' title='bbox 1439 441 1599 481; x_wconf 81' lang='grc' dir='ltr'><strong><em>ἐκείνου</em></strong></span> 
     </span>
    </p>

    <p class='ocr_par' dir='ltr' id='par_1_5' title="bbox 95 502 1639 625">
     <span class='ocr_line' id='line_1_5' title="bbox 128 502 1601 561; baseline 0 -15"><span class='ocrx_word' id='word_1_33' title='bbox 128 503 255 561; x_wconf 71' lang='grc' dir='ltr'><strong><em>ἀρχῇ,</em></strong></span> <span class='ocrx_word' id='word_1_34' title='bbox 282 505 356 545; x_wconf 77' lang='grc' dir='ltr'><em>καί</em></span> <span class='ocrx_word' id='word_1_35' title='bbox 381 502 443 559; x_wconf 72' lang='grc' dir='ltr'><strong>μὴ</strong></span> <span class='ocrx_word' id='word_1_36' title='bbox 471 505 779 556; x_wconf 80' lang='grc' dir='ltr'><strong><em>καθεζομένους</em></strong></span> <span class='ocrx_word' id='word_1_37' title='bbox 810 504 1013 558; x_wconf 76' lang='grc' dir='ltr'><strong><em>περιορᾶν</em></strong></span> <span class='ocrx_word' id='word_1_38' title='bbox 1045 502 1123 558; x_wconf 83' lang='grc' dir='ltr'><strong><em>τὴν</em></strong></span> <span class='ocrx_word' id='word_1_39' title='bbox 1145 503 1295 558; x_wconf 81' lang='grc' dir='ltr'><strong><em>χώραν</em></strong></span> <span class='ocrx_word' id='word_1_40' title='bbox 1323 504 1442 559; x_wconf 73' lang='grc' dir='ltr'><strong><em>ἡμῶν</em></strong></span> <span class='ocrx_word' id='word_1_41' title='bbox 1469 507 1601 560; x_wconf 85' lang='grc' dir='ltr'><strong><em>δηου-</em></strong></span> 
     </span>
     <span class='ocr_line' id='line_1_6' title="bbox 95 567 1639 625; baseline 0.003 -15"><span class='ocrx_word' id='word_1_42' title='bbox 95 571 270 624; x_wconf 81' lang='grc' dir='ltr'><strong><em>5μένην,</em></strong></span> <span class='ocrx_word' id='word_1_43' title='bbox 298 568 371 611; x_wconf 74' lang='grc' dir='ltr'><strong><em>καὶ</em></strong></span> <span class='ocrx_word' id='word_1_44' title='bbox 400 567 444 619; x_wconf 76' lang='grc' dir='ltr'><strong><em>ἐς</em></strong></span> <span class='ocrx_word' id='word_1_45' title='bbox 472 568 820 624; x_wconf 69' lang='grc' dir='ltr'><strong><em>ἀνδραποδισμὸν</em></strong></span> <span class='ocrx_word' id='word_1_46' title='bbox 847 567 944 618; x_wconf 81' lang='grc' dir='ltr'><strong><em>τούς</em></strong></span> <span class='ocrx_word' id='word_1_47' title='bbox 975 568 1184 624; x_wconf 75' lang='grc' dir='ltr'><strong><em>ὑπηκόους</em></strong></span> <span class='ocrx_word' id='word_1_48' title='bbox 1212 568 1332 625; x_wconf 78' lang='grc' dir='ltr'><strong><em>ἡμῶν</em></strong></span> <span class='ocrx_word' id='word_1_49' title='bbox 1359 571 1639 624; x_wconf 76' lang='grc' dir='ltr'><strong><em>ἅγομένους,0</em></strong></span> 
     </span>
    </p>

    <p class='ocr_par' dir='ltr' id='par_1_6' title="bbox 126 632 1602 694">
     <span class='ocr_line' id='line_1_7' title="bbox 126 632 1602 694; baseline 0.001 -16"><span class='ocrx_word' id='word_1_50' title='bbox 126 635 453 691; x_wconf 78' lang='grc' dir='ltr'><strong><em>α’ναγκασθῆναί</em></strong></span> <span class='ocrx_word' id='word_1_51' title='bbox 482 651 582 677; x_wconf 89' lang='grc' dir='ltr'><strong><em>ποτε</em></strong></span> <span class='ocrx_word' id='word_1_52' title='bbox 621 633 794 678; x_wconf 74' lang='grc' dir='ltr'><strong><em>ἑλέσθαι</em></strong></span> <span class='ocrx_word' id='word_1_53' title='bbox 820 637 968 692; x_wconf 91' lang='grc' dir='ltr'><strong><em>σφίσιν</em></strong></span> <span class='ocrx_word' id='word_1_54' title='bbox 1007 637 1172 692; x_wconf 73' lang='grc' dir='ltr'><strong><em>αἵρεσίν</em></strong></span> <span class='ocrx_word' id='word_1_55' title='bbox 1203 653 1294 679; x_wconf 84' lang='grc' dir='ltr'><strong><em>τινα</em></strong></span> <span class='ocrx_word' id='word_1_56' title='bbox 1325 632 1470 693; x_wconf 71' lang='grc' dir='ltr'><strong><em>ἄλλην,</em></strong></span> <span class='ocrx_word' id='word_1_57' title='bbox 1501 654 1602 694; x_wconf 81' lang='grc' dir='ltr'><strong><em>τρε-</em></strong></span> 
     </span>
    </p>

    <p class='ocr_par' dir='ltr' id='par_1_7' title="bbox 126 700 759 755">
     <span class='ocr_line' id='line_1_8' title="bbox 126 700 759 755; baseline 0.002 -12"><span class='ocrx_word' id='word_1_58' title='bbox 126 704 333 755; x_wconf 64' lang='grc' dir='ltr'><strong><em>πιομένους</em></strong></span> <span class='ocrx_word' id='word_1_59' title='bbox 361 703 406 752; x_wconf 82' lang='grc' dir='ltr'><strong>ές</strong></span> <span class='ocrx_word' id='word_1_60' title='bbox 436 700 508 744; x_wconf 78' lang='grc' dir='ltr'><strong><em>τὸν</em></strong></span> <span class='ocrx_word' id='word_1_61' title='bbox 537 703 759 755; x_wconf 84' lang='grc' dir='ltr'><strong><em>πόλεμον.”</em></strong></span> 
     </span>
    </p>

    <p class='ocr_par' dir='ltr' id='par_1_8' title="bbox 263 767 1599 824">
     <span class='ocr_line' id='line_1_9' title="bbox 263 767 1599 824; baseline 0.001 -13"><span class='ocrx_word' id='word_1_62' title='bbox 263 769 409 811; x_wconf 79' lang='grc' dir='ltr'><strong><em>Ταῦτα</em></strong></span> <span class='ocrx_word' id='word_1_63' title='bbox 456 767 643 817; x_wconf 82' lang='grc' dir='ltr'><strong><em>εἰπόντος</em></strong></span> <span class='ocrx_word' id='word_1_64' title='bbox 689 769 767 810; x_wconf 84' lang='grc' dir='ltr'><strong>τοῦ</strong></span> <span class='ocrx_word' id='word_1_65' title='bbox 808 770 1027 823; x_wconf 85' lang='grc' dir='ltr'><strong><em>Βίκτωρος</em></strong></span> <span class='ocrx_word' id='word_1_66' title='bbox 1066 769 1384 812; x_wconf 79' lang='grc' dir='ltr'><strong><em>συνέπαινοίτε</em></strong></span> <span class='ocrx_word' id='word_1_67' title='bbox 1413 770 1599 824; x_wconf 73' lang='grc' dir='ltr'><strong><em>ἐγένοντο</em></strong></span> 
     </span>
    </p>

    <p class='ocr_par' dir='ltr' id='par_1_9' title="bbox 0 831 1636 1439">
     <span class='ocr_line' id='line_1_10' title="bbox 92 831 1599 892; baseline 0.003 -17"><span class='ocrx_word' id='word_1_68' title='bbox 92 840 94 842; x_wconf 77' lang='grc'>’</span> <span class='ocrx_word' id='word_1_69' title='bbox 124 833 196 877; x_wconf 75' lang='grc' dir='ltr'><strong><em>καὶ</em></strong></span> <span class='ocrx_word' id='word_1_70' title='bbox 222 833 261 876; x_wconf 83' lang='grc' dir='ltr'><strong>οἱ</strong></span> <span class='ocrx_word' id='word_1_71' title='bbox 289 836 458 884; x_wconf 82' lang='grc' dir='ltr'><strong><em>πλείους</em></strong></span> <span class='ocrx_word' id='word_1_72' title='bbox 490 835 535 876; x_wconf 81' lang='grc' dir='ltr'><strong><em>ἑν</em></strong></span> <span class='ocrx_word' id='word_1_73' title='bbox 563 835 692 891; x_wconf 79' lang='grc' dir='ltr'><strong><em>αιῖτῷ.</em></strong></span> <span class='ocrx_word' id='word_1_74' title='bbox 751 837 967 885; x_wconf 83' lang='grc' dir='ltr'><strong><em>ἰσοπαλεῖς</em></strong></span> <span class='ocrx_word' id='word_1_75' title='bbox 999 836 1045 877; x_wconf 78' lang='grc' dir='ltr'><strong>δὲ</strong></span> <span class='ocrx_word' id='word_1_76' title='bbox 1077 833 1124 878; x_wconf 84' lang='grc' dir='ltr'><strong><em>αἱ</em></strong></span> <span class='ocrx_word' id='word_1_77' title='bbox 1141 837 1284 892; x_wconf 70' lang='grc' dir='ltr'><strong><em>ψῆφοι</em></strong></span> <span class='ocrx_word' id='word_1_78' title='bbox 1313 831 1454 889; x_wconf 73' lang='grc' dir='ltr'><strong><em>οὖσαι,</em></strong></span> <span class='ocrx_word' id='word_1_79' title='bbox 1481 833 1599 889; x_wconf 76' lang='grc' dir='ltr'><strong><em>ὅμως</em></strong></span> 
     </span>
     <span class='ocr_line' id='line_1_11' title="bbox 21 892 1595 956; baseline 0.002 -14"><span class='ocrx_word' id='word_1_80' title='bbox 21 892 25 899; x_wconf 43' lang='lat'><em>⁴</em></span> <span class='ocrx_word' id='word_1_81' title='bbox 69 899 411 956; x_wconf 80' lang='grc' dir='ltr'><strong><em>1οέπεκράτησαν</em></strong></span> <span class='ocrx_word' id='word_1_82' title='bbox 440 900 485 944; x_wconf 80' lang='grc' dir='ltr'><strong><em>αἱ</em></strong></span> <span class='ocrx_word' id='word_1_83' title='bbox 507 899 580 943; x_wconf 82' lang='grc' dir='ltr'><strong><em>τὸν</em></strong></span> <span class='ocrx_word' id='word_1_84' title='bbox 606 901 788 954; x_wconf 83' lang='grc' dir='ltr'><strong><em>πόλεμον</em></strong></span> <span class='ocrx_word' id='word_1_85' title='bbox 818 903 1169 956; x_wconf 78' lang='grc' dir='ltr'><strong><em>α’παγγέλλουσαι.</em></strong></span> <span class='ocrx_word' id='word_1_86' title='bbox 1226 901 1335 955; x_wconf 74' lang='grc' dir='ltr'><strong><em>μετὰ</em></strong></span> <span class='ocrx_word' id='word_1_87' title='bbox 1367 905 1422 953; x_wconf 32' lang='grc' dir='ltr'><strong>δὲζ</strong></span> <span class='ocrx_word' id='word_1_88' title='bbox 1442 902 1595 945; x_wconf 71' lang='grc' dir='ltr'><strong><em>αὐτίκα</em></strong></span> 
     </span>
     <span class='ocr_line' id='line_1_12' title="bbox 123 964 1599 1022; baseline 0.003 -15"><span class='ocrx_word' id='word_1_89' title='bbox 123 964 260 1008; x_wconf 77' lang='grc' dir='ltr'><strong><em>ἐδόκει</em></strong></span> <span class='ocrx_word' id='word_1_90' title='bbox 287 969 483 1021; x_wconf 82' lang='grc' dir='ltr'><strong><em>πρέσβεις</em></strong></span> <span class='ocrx_word' id='word_1_91' title='bbox 509 967 588 1020; x_wconf 83' lang='grc' dir='ltr'><strong>μὲν</strong></span> <span class='ocrx_word' id='word_1_92' title='bbox 618 968 662 1016; x_wconf 85' lang='grc' dir='ltr'><strong>ές</strong></span> <span class='ocrx_word' id='word_1_93' title='bbox 689 966 763 1014; x_wconf 78' lang='grc' dir='ltr'><strong><em>τὸν</em></strong></span> <span class='ocrx_word' id='word_1_94' title='bbox 790 970 924 1022; x_wconf 81' lang='grc' dir='ltr'><strong><em>μέγαν</em></strong></span> <span class='ocrx_word' id='word_1_95' title='bbox 969 964 1175 1022; x_wconf 67' lang='grc' dir='ltr'><strong><em>ἀρχιερέα</em></strong></span> <span class='ocrx_word' id='word_1_96' title='bbox 1203 969 1396 1022; x_wconf 79' lang='grc' dir='ltr'><strong><em>πέμπειν,</em></strong></span> <span class='ocrx_word' id='word_1_97' title='bbox 1423 970 1499 1011; x_wconf 79' lang='grc' dir='ltr'>καί</span> <span class='ocrx_word' id='word_1_98' title='bbox 1525 969 1599 1011; x_wconf 75' lang='grc' dir='ltr'><strong><em>ἐπὶ</em></strong></span> 
     </span>
     <span class='ocr_line' id='line_1_13' title="bbox 121 1031 1596 1091; baseline 0.003 -17"><span class='ocrx_word' id='word_1_99' title='bbox 121 1032 318 1082; x_wconf 79' lang='grc' dir='ltr'><strong><em>Παίονας</em></strong></span> <span class='ocrx_word' id='word_1_100' title='bbox 345 1034 494 1075; x_wconf 73' lang='grc' dir='ltr'><strong><em>αὐτίκα</em></strong></span> <span class='ocrx_word' id='word_1_101' title='bbox 538 1035 736 1088; x_wconf 82' lang='grc' dir='ltr'><strong><em>πρέσβεις</em></strong></span> <span class='ocrx_word' id='word_1_102' title='bbox 778 1035 956 1087; x_wconf 86' lang='grc' dir='ltr'><strong><em>πέμπειν</em></strong></span> <span class='ocrx_word' id='word_1_103' title='bbox 996 1031 1212 1090; x_wconf 69' lang='grc' dir='ltr'><strong><em>ὡσαύτως,</em></strong></span> <span class='ocrx_word' id='word_1_104' title='bbox 1240 1036 1443 1091; x_wconf 79' lang='grc' dir='ltr'><strong><em>χρήματα</em></strong></span> <span class='ocrx_word' id='word_1_105' title='bbox 1477 1034 1596 1091; x_wconf 81' lang='grc' dir='ltr'><strong><em>ἕχον·</em></strong></span> 
     </span>
     <span class='ocr_line' id='line_1_14' title="bbox 121 1096 1594 1158; baseline 0.003 -19"><span class='ocrx_word' id='word_1_106' title='bbox 121 1113 214 1149; x_wconf 79' lang='grc' dir='ltr'><strong><em>τας.</em></strong></span> <span class='ocrx_word' id='word_1_107' title='bbox 269 1096 308 1140; x_wconf 81' lang='grc' dir='ltr'><strong>οἱ</strong></span> <span class='ocrx_word' id='word_1_108' title='bbox 338 1100 417 1151; x_wconf 82' lang='grc' dir='ltr'><strong>μὲν</strong></span> <span class='ocrx_word' id='word_1_109' title='bbox 445 1096 522 1142; x_wconf 75' lang='grc' dir='ltr'><strong><em>οὖν</em></strong></span> <span class='ocrx_word' id='word_1_110' title='bbox 549 1102 747 1155; x_wconf 82' lang='grc' dir='ltr'><strong><em>πρέσβεις</em></strong></span> <span class='ocrx_word' id='word_1_111' title='bbox 774 1097 1024 1155; x_wconf 84' lang='grc' dir='ltr'><strong><em>α’φικόμενοι</em></strong></span> <span class='ocrx_word' id='word_1_112' title='bbox 1052 1101 1097 1150; x_wconf 83' lang='grc' dir='ltr'><strong>ές</strong></span> <span class='ocrx_word' id='word_1_113' title='bbox 1122 1099 1196 1143; x_wconf 80' lang='grc' dir='ltr'><strong><em>τὸν</em></strong></span> <span class='ocrx_word' id='word_1_114' title='bbox 1226 1097 1356 1157; x_wconf 74' lang='grc' dir='ltr'><strong><em>ἄκρον</em></strong></span> <span class='ocrx_word' id='word_1_115' title='bbox 1386 1102 1594 1158; x_wconf 73' lang='grc' dir='ltr'><strong><em>ἀρχιερέα</em></strong></span> 
     </span>
     <span class='ocr_line' id='line_1_15' title="bbox 121 1161 1593 1225; baseline 0.003 -19"><span class='ocrx_word' id='word_1_116' title='bbox 121 1161 261 1218; x_wconf 80' lang='grc' dir='ltr'><strong><em>ἔλεγον</em></strong></span> <span class='ocrx_word' id='word_1_117' title='bbox 298 1163 350 1207; x_wconf 74' lang='grc' dir='ltr'><strong>τά</strong></span> <span class='ocrx_word' id='word_1_118' title='bbox 383 1167 621 1221; x_wconf 71' lang='grc' dir='ltr'><strong><em>καθήκοντα</em></strong></span> <span class='ocrx_word' id='word_1_119' title='bbox 655 1171 742 1215; x_wconf 83' lang='grc' dir='ltr'><strong><em>τοῖς</em></strong></span> <span class='ocrx_word' id='word_1_120' title='bbox 782 1167 1030 1223; x_wconf 84' lang='grc' dir='ltr'><strong><em>Ουένετοῖς,</em></strong></span> <span class='ocrx_word' id='word_1_121' title='bbox 1059 1166 1119 1218; x_wconf 76' lang='grc' dir='ltr'><strong><em>ὥς</em></strong></span> <span class='ocrx_word' id='word_1_122' title='bbox 1150 1169 1195 1209; x_wconf 83' lang='grc' dir='ltr'><strong><em>ὲν</em></strong></span> <span class='ocrx_word' id='word_1_123' title='bbox 1224 1169 1357 1225; x_wconf 74' lang='grc' dir='ltr'><strong><em>καιρῷ</em></strong></span> <span class='ocrx_word' id='word_1_124' title='bbox 1387 1169 1498 1210; x_wconf 80' lang='grc' dir='ltr'><strong><em>πάνυ</em></strong></span> <span class='ocrx_word' id='word_1_125' title='bbox 1528 1166 1593 1224; x_wconf 83' lang='grc' dir='ltr'><strong>εἴη</strong></span> 
     </span>
     <span class='ocr_line' id='line_1_16' title="bbox 0 1227 1594 1302; baseline 0.001 -28"><span class='ocrx_word' id='word_1_126' title='bbox 0 1242 16 1302; x_wconf 45' lang='grc' dir='ltr'><strong>δ’</strong></span> <span class='ocrx_word' id='word_1_127' title='bbox 66 1241 109 1276; x_wconf 88' lang='lat'><strong>15</strong></span> <span class='ocrx_word' id='word_1_128' title='bbox 122 1227 212 1284; x_wconf 77' lang='grc' dir='ltr'><strong>ἅμα</strong></span> <span class='ocrx_word' id='word_1_129' title='bbox 245 1230 395 1280; x_wconf 66' lang='grc' dir='ltr'><strong><em>αὐτοῖς</em></strong></span> <span class='ocrx_word' id='word_1_130' title='bbox 435 1232 508 1275; x_wconf 82' lang='grc' dir='ltr'><strong><em>τὸν</em></strong></span> <span class='ocrx_word' id='word_1_131' title='bbox 548 1230 729 1286; x_wconf 82' lang='grc' dir='ltr'><strong><em>πόλεμον</em></strong></span> <span class='ocrx_word' id='word_1_132' title='bbox 772 1231 1079 1287; x_wconf 69' lang='grc' dir='ltr'><strong><em>ἀναιρούμενον</em></strong></span> <span class='ocrx_word' id='word_1_133' title='bbox 1107 1239 1194 1284; x_wconf 83' lang='grc' dir='ltr'><strong><em>τοῖς</em></strong></span> <span class='ocrx_word' id='word_1_134' title='bbox 1221 1237 1460 1289; x_wconf 79' lang='grc' dir='ltr'><strong><em>βαρβάροις</em></strong></span> <span class='ocrx_word' id='word_1_135' title='bbox 1490 1237 1594 1276; x_wconf 78' lang='grc' dir='ltr'><strong><em>δια-</em></strong></span> 
     </span>
     <span class='ocr_line' id='line_1_17' title="bbox 0 1295 1636 1384; baseline 0.005 -47"><span class='ocrx_word' id='word_1_136' title='bbox 0 1303 17 1384; x_wconf 53' lang='grc' dir='ltr'><strong>’ᾗ</strong></span> <span class='ocrx_word' id='word_1_137' title='bbox 119 1295 406 1354; x_wconf 72' lang='grc' dir='ltr'><strong><em>πράττεσθαι,</em></strong></span> <span class='ocrx_word' id='word_1_138' title='bbox 443 1295 532 1341; x_wconf 78' lang='grc' dir='ltr'><strong>ἅττ’</strong></span> <span class='ocrx_word' id='word_1_139' title='bbox 573 1295 627 1341; x_wconf 69' lang='grc' dir='ltr'><strong><em>ἂν</em></strong></span> <span class='ocrx_word' id='word_1_140' title='bbox 654 1301 772 1357; x_wconf 68' lang='grc' dir='ltr'><strong><em>αὐτῷ</em></strong></span> <span class='ocrx_word' id='word_1_141' title='bbox 809 1299 883 1342; x_wconf 84' lang='grc' dir='ltr'><strong><em>καί</em></strong></span> <span class='ocrx_word' id='word_1_142' title='bbox 907 1299 1115 1355; x_wconf 83' lang='grc' dir='ltr'><strong><em>πρότερον</em></strong></span> <span class='ocrx_word' id='word_1_143' title='bbox 1157 1301 1203 1343; x_wconf 80' lang='grc' dir='ltr'><strong><em>ἐν</em></strong></span> <span class='ocrx_word' id='word_1_144' title='bbox 1230 1299 1417 1359; x_wconf 80' lang='grc' dir='ltr'><strong><em>Μαντύῃ</em></strong></span> <span class='ocrx_word' id='word_1_145' title='bbox 1447 1300 1636 1356; x_wconf 81' lang='grc' dir='ltr'><strong><em>ἒπετὴ-Ι)</em></strong></span> 
     </span>
     <span class='ocr_line' id='line_1_18' title="bbox 0 1401 15 1439; baseline 0 -33"><span class='ocrx_word' id='word_1_146' title='bbox 0 1401 15 1439; x_wconf 51' lang='lat'><strong>3,</strong></span> 
     </span>
    </p>
   </div>
   <div class='ocr_carea' id='block_1_3' title="bbox 0 0 83 1240">
    <p class='ocr_par' dir='ltr' id='par_1_10' title="bbox 0 0 83 1240">
     <span class='ocr_line' id='line_1_19' title="bbox 0 0 83 1240; baseline 0 0"><span class='ocrx_word' id='word_1_147' title='bbox 0 0 83 1240; x_wconf 95' lang='lat' dir='ltr'><strong> </strong></span> 
     </span>
    </p>
   </div>
   <div class='ocr_carea' id='block_1_4' title="bbox 0 1359 1594 1748">
    <p class='ocr_par' dir='ltr' id='par_1_11' title="bbox 0 1359 1594 1748">
     <span class='ocr_line' id='line_1_20' title="bbox 119 1359 1594 1424; baseline 0.003 -18"><span class='ocrx_word' id='word_1_148' title='bbox 119 1364 262 1406; x_wconf 81' lang='grc' dir='ltr'><strong><em>δευτο.</em></strong></span> <span class='ocrx_word' id='word_1_149' title='bbox 320 1362 343 1406; x_wconf 80' lang='grc' dir='ltr'>ὅ</span> <span class='ocrx_word' id='word_1_150' title='bbox 374 1365 413 1406; x_wconf 77' lang='grc' dir='ltr'><strong>δ’</strong></span> <span class='ocrx_word' id='word_1_151' title='bbox 442 1359 670 1421; x_wconf 75' lang='grc' dir='ltr'><strong><em>ἇρχιερεὺς</em></strong></span> <span class='ocrx_word' id='word_1_152' title='bbox 707 1364 934 1420; x_wconf 80' lang='grc' dir='ltr'><strong><em>ὑπολαβών</em></strong></span> <span class='ocrx_word' id='word_1_153' title='bbox 967 1365 1107 1421; x_wconf 81' lang='grc' dir='ltr'><strong><em>ἔλεγεν</em></strong></span> <span class='ocrx_word' id='word_1_154' title='bbox 1137 1365 1194 1417; x_wconf 75' lang='grc' dir='ltr'><strong><em>ὥς</em></strong></span> <span class='ocrx_word' id='word_1_155' title='bbox 1222 1369 1449 1421; x_wconf 80' lang='grc' dir='ltr'><strong><em>α’ναγκαῖον</em></strong></span> <span class='ocrx_word' id='word_1_156' title='bbox 1475 1370 1594 1424; x_wconf 75' lang='grc' dir='ltr'><strong><em>πρῶ-</em></strong></span> 
     </span>
     <span class='ocr_line' id='line_1_21' title="bbox 117 1425 1592 1488; baseline 0.004 -18"><span class='ocrx_word' id='word_1_157' title='bbox 117 1443 192 1471; x_wconf 87' lang='grc' dir='ltr'><strong><em>τον</em></strong></span> <span class='ocrx_word' id='word_1_158' title='bbox 220 1425 349 1473; x_wconf 83' lang='grc' dir='ltr'><strong><em>αὗτόν</em></strong></span> <span class='ocrx_word' id='word_1_159' title='bbox 375 1429 448 1473; x_wconf 83' lang='grc' dir='ltr'><strong><em>τὸν</em></strong></span> <span class='ocrx_word' id='word_1_160' title='bbox 477 1431 630 1486; x_wconf 84' lang='grc' dir='ltr'><strong><em>μικρὸν</em></strong></span> <span class='ocrx_word' id='word_1_161' title='bbox 656 1431 878 1487; x_wconf 79' lang='grc' dir='ltr'><strong><em>βάρβαρον</em></strong></span> <span class='ocrx_word' id='word_1_162' title='bbox 914 1434 960 1474; x_wconf 78' lang='grc' dir='ltr'><strong>ἐκ</strong></span> <span class='ocrx_word' id='word_1_163' title='bbox 989 1435 1121 1486; x_wconf 85' lang='grc' dir='ltr'><strong><em>μέσου</em></strong></span> <span class='ocrx_word' id='word_1_164' title='bbox 1150 1437 1381 1488; x_wconf 74' lang='grc' dir='ltr'><strong><em>ποιεῖσθαι,</em></strong></span> <span class='ocrx_word' id='word_1_165' title='bbox 1407 1429 1488 1476; x_wconf 74' lang='grc' dir='ltr'><strong><em>εἶθ’</em></strong></span> <span class='ocrx_word' id='word_1_166' title='bbox 1520 1431 1592 1476; x_wconf 76' lang='grc' dir='ltr'><strong>οὕ-</strong></span> 
     </span>
     <span class='ocr_line' id='line_1_22' title="bbox 0 1496 1594 1566; baseline 0.003 -29"><span class='ocrx_word' id='word_1_167' title='bbox 0 1546 7 1566; x_wconf 43' lang='grc' dir='ltr'><em>ν</em></span> <span class='ocrx_word' id='word_1_168' title='bbox 117 1511 198 1544; x_wconf 77' lang='grc' dir='ltr'><strong><em>τως</em></strong></span> <span class='ocrx_word' id='word_1_169' title='bbox 224 1497 334 1539; x_wconf 82' lang='grc' dir='ltr'><strong><em>ἰέναι</em></strong></span> <span class='ocrx_word' id='word_1_170' title='bbox 378 1499 451 1539; x_wconf 75' lang='grc' dir='ltr'><strong><em>καὶ</em></strong></span> <span class='ocrx_word' id='word_1_171' title='bbox 495 1496 570 1540; x_wconf 84' lang='grc' dir='ltr'><strong><em>έπί</em></strong></span> <span class='ocrx_word' id='word_1_172' title='bbox 595 1497 670 1540; x_wconf 85' lang='grc' dir='ltr'><strong><em>τὸν</em></strong></span> <span class='ocrx_word' id='word_1_173' title='bbox 699 1497 861 1554; x_wconf 77' lang='grc' dir='ltr'><strong><em>μέγαν,</em></strong></span> <span class='ocrx_word' id='word_1_174' title='bbox 893 1501 1112 1553; x_wconf 78' lang='grc' dir='ltr'><strong><em>σημαίνων</em></strong></span> <span class='ocrx_word' id='word_1_175' title='bbox 1142 1498 1216 1542; x_wconf 78' lang='grc' dir='ltr'><strong><em>τόν</em></strong></span> <span class='ocrx_word' id='word_1_176' title='bbox 1244 1500 1463 1554; x_wconf 74' lang='grc' dir='ltr'><strong><em>Ἀριμίνου</em></strong></span> <span class='ocrx_word' id='word_1_177' title='bbox 1491 1497 1594 1556; x_wconf 78' lang='grc' dir='ltr'><strong><em>ἦγε-</em></strong></span> 
     </span>
     <span class='ocr_line' id='line_1_23' title="bbox 0 1561 1592 1625; baseline 0.003 -20"><span class='ocrx_word' id='word_1_178' title='bbox 0 1567 3 1575; x_wconf 81' lang='lat'>&#39;</span> <span class='ocrx_word' id='word_1_179' title='bbox 59 1561 244 1614; x_wconf 69' lang='grc' dir='ltr'><strong><em>Ωθμόνα,</em></strong></span> <span class='ocrx_word' id='word_1_180' title='bbox 271 1561 377 1618; x_wconf 81' lang='grc' dir='ltr'><strong><em>πρὸς</em></strong></span> <span class='ocrx_word' id='word_1_181' title='bbox 405 1561 455 1606; x_wconf 79' lang='grc' dir='ltr'><strong><em>ὅν</em></strong></span> <span class='ocrx_word' id='word_1_182' title='bbox 483 1562 664 1617; x_wconf 85' lang='grc' dir='ltr'><strong><em>πόλεμος</em></strong></span> <span class='ocrx_word' id='word_1_183' title='bbox 709 1561 761 1621; x_wconf 78' lang='grc' dir='ltr'><strong><em>ἦν</em></strong></span> <span class='ocrx_word' id='word_1_184' title='bbox 806 1565 933 1623; x_wconf 76' lang='grc' dir='ltr'><strong><em>αὐτῷ,</em></strong></span> <span class='ocrx_word' id='word_1_185' title='bbox 964 1567 1232 1620; x_wconf 77' lang='grc' dir='ltr'><strong><em>διενεχθέντα</em></strong></span> <span class='ocrx_word' id='word_1_186' title='bbox 1271 1565 1344 1608; x_wconf 77' lang='grc' dir='ltr'><strong><em>ἐπὶ</em></strong></span> <span class='ocrx_word' id='word_1_187' title='bbox 1368 1565 1510 1625; x_wconf 79' lang='grc' dir='ltr'><strong><em>τρόπῳ</em></strong></span> <span class='ocrx_word' id='word_1_188' title='bbox 1543 1563 1592 1610; x_wconf 78' lang='grc' dir='ltr'><strong><em>ὃν</em></strong></span> 
     </span>
     <span class='ocr_line' id='line_1_24' title="bbox 117 1625 1591 1689; baseline 0.005 -20"><span class='ocrx_word' id='word_1_189' title='bbox 117 1633 373 1683; x_wconf 66' lang='grc' dir='ltr'><strong><em>πἀραλιπεῖν</em></strong></span> <span class='ocrx_word' id='word_1_190' title='bbox 413 1625 540 1682; x_wconf 70' lang='grc' dir='ltr'><strong><em>ἄξιον.</em></strong></span> <span class='ocrx_word' id='word_1_191' title='bbox 614 1630 685 1674; x_wconf 73' lang='grc' dir='ltr'><strong>διὰ</strong></span> <span class='ocrx_word' id='word_1_192' title='bbox 719 1630 770 1686; x_wconf 76' lang='grc' dir='ltr'><em>δὴ</em></span> <span class='ocrx_word' id='word_1_193' title='bbox 801 1634 936 1674; x_wconf 81' lang='grc' dir='ltr'><strong><em>ταῦτα</em></strong></span> <span class='ocrx_word' id='word_1_194' title='bbox 970 1632 1112 1675; x_wconf 83' lang='grc' dir='ltr'><strong><em>αἰτίαν</em></strong></span> <span class='ocrx_word' id='word_1_195' title='bbox 1139 1634 1357 1689; x_wconf 76' lang='grc' dir='ltr'><strong><em>ἐπιφέρων</em></strong></span> <span class='ocrx_word' id='word_1_196' title='bbox 1390 1632 1591 1688; x_wconf 77' lang='grc' dir='ltr'><strong><em>τοιαύτην</em></strong></span> 
     </span>
     <span class='ocr_line' id='line_1_25' title="bbox 117 1693 330 1748; baseline 0.014 -14"><span class='ocrx_word' id='word_1_197' title='bbox 117 1693 330 1748; x_wconf 78' lang='grc' dir='ltr'><strong><em>ἐπολέμει.</em></strong></span> 
     </span>
    </p>
   </div>
   <div class='ocr_carea' id='block_1_5' title="bbox 114 1835 1587 2820">
    <p class='ocr_par' dir='ltr' id='par_1_12' title="bbox 114 1835 1587 2198">
     <span class='ocr_line' id='line_1_26' title="bbox 116 1835 1587 1881; baseline 0.003 -14"><span class='ocrx_word' id='word_1_198' title='bbox 116 1835 407 1880; x_wconf 83' lang='lat' dir='ltr'><strong>Peloponnesum</strong></span> <span class='ocrx_word' id='word_1_199' title='bbox 446 1835 666 1876; x_wconf 88' lang='lat' dir='ltr'><strong>subiicient‚</strong></span> <span class='ocrx_word' id='word_1_200' title='bbox 695 1835 792 1870; x_wconf 90' lang='lat' dir='ltr'><strong>unde</strong></span> <span class='ocrx_word' id='word_1_201' title='bbox 817 1836 944 1870; x_wconf 80' lang='lat' dir='ltr'><strong>licebit</strong></span> <span class='ocrx_word' id='word_1_202' title='bbox 978 1837 1123 1881; x_wconf 85' lang='lat' dir='ltr'><strong>negotia</strong></span> <span class='ocrx_word' id='word_1_203' title='bbox 1157 1836 1230 1880; x_wconf 84' lang='lat' dir='ltr'><strong>regi</strong></span> <span class='ocrx_word' id='word_1_204' title='bbox 1255 1835 1443 1870; x_wconf 77' lang='lat' dir='ltr'>facessere.</span> <span class='ocrx_word' id='word_1_205' title='bbox 1505 1849 1587 1871; x_wconf 86' lang='lat' dir='ltr'><strong>nam</strong></span> 
     </span>
     <span class='ocr_line' id='line_1_27' title="bbox 119 1882 1586 1927; baseline 0.002 -12"><span class='ocrx_word' id='word_1_206' title='bbox 119 1882 166 1915; x_wconf 83' lang='lat' dir='ltr'><strong>ab</strong></span> <span class='ocrx_word' id='word_1_207' title='bbox 205 1882 456 1927; x_wconf 85' lang='lat' dir='ltr'><strong>Peloponneso</strong></span> <span class='ocrx_word' id='word_1_208' title='bbox 491 1883 714 1917; x_wconf 78' lang='lat' dir='ltr'><strong>commodius</strong></span> <span class='ocrx_word' id='word_1_209' title='bbox 752 1885 791 1917; x_wconf 89' lang='lat' dir='ltr'><strong>in</strong></span> <span class='ocrx_word' id='word_1_210' title='bbox 827 1885 904 1918; x_wconf 85' lang='lat' dir='ltr'><strong>eius</strong></span> <span class='ocrx_word' id='word_1_211' title='bbox 941 1885 1121 1927; x_wconf 79' lang='lat' dir='ltr'><strong>regionem</strong></span> <span class='ocrx_word' id='word_1_212' title='bbox 1159 1883 1305 1917; x_wconf 76' lang='lat' dir='ltr'><strong>dabitur</strong></span> <span class='ocrx_word' id='word_1_213' title='bbox 1331 1895 1504 1918; x_wconf 83' lang='lat' dir='ltr'><strong>accessus.</strong></span> <span class='ocrx_word' id='word_1_214' title='bbox 1556 1886 1586 1918; x_wconf 87' lang='lat' dir='ltr'><strong>si</strong></span> 
     </span>
     <span class='ocr_line' id='line_1_28' title="bbox 114 1929 1586 1973; baseline 0.001 -10"><span class='ocrx_word' id='word_1_215' title='bbox 114 1930 226 1973; x_wconf 85' lang='lat' dir='ltr'><strong>igitur</strong></span> <span class='ocrx_word' id='word_1_216' title='bbox 249 1929 458 1962; x_wconf 80' lang='lat' dir='ltr'><strong>societatem</strong></span> <span class='ocrx_word' id='word_1_217' title='bbox 483 1931 698 1964; x_wconf 80' lang='lat' dir='ltr'><strong>coiverimus</strong></span> <span class='ocrx_word' id='word_1_218' title='bbox 722 1942 802 1964; x_wconf 88' lang='lat' dir='ltr'><strong>cum</strong></span> <span class='ocrx_word' id='word_1_219' title='bbox 832 1931 1078 1971; x_wconf 75' lang='lat' dir='ltr'><strong>pannonibus,</strong></span> <span class='ocrx_word' id='word_1_220' title='bbox 1104 1931 1292 1964; x_wconf 86' lang='lat' dir='ltr'><strong>Pannones</strong></span> <span class='ocrx_word' id='word_1_221' title='bbox 1315 1931 1360 1963; x_wconf 88' lang='lat' dir='ltr'><strong>ab</strong></span> <span class='ocrx_word' id='word_1_222' title='bbox 1389 1930 1493 1973; x_wconf 89' lang='lat' dir='ltr'><strong>Istro,</strong></span> <span class='ocrx_word' id='word_1_223' title='bbox 1518 1943 1586 1965; x_wconf 79' lang='lat' dir='ltr'><strong>nos</strong></span> 
     </span>
     <span class='ocr_line' id='line_1_29' title="bbox 115 1976 1586 2024; baseline 0.002 -15"><span class='ocrx_word' id='word_1_224' title='bbox 115 1976 160 2009; x_wconf 89' lang='lat' dir='ltr'><strong>ab</strong></span> <span class='ocrx_word' id='word_1_225' title='bbox 185 1976 436 2020; x_wconf 84' lang='lat' dir='ltr'><strong>Peloponneso</strong></span> <span class='ocrx_word' id='word_1_226' title='bbox 467 1976 610 2009; x_wconf 83' lang='lat' dir='ltr'><strong>barbari</strong></span> <span class='ocrx_word' id='word_1_227' title='bbox 649 1978 831 2022; x_wconf 84' lang='lat' dir='ltr'><strong>regionem</strong></span> <span class='ocrx_word' id='word_1_228' title='bbox 869 1978 1134 2023; x_wconf 82' lang='lat' dir='ltr'><strong>populabimur.</strong></span> <span class='ocrx_word' id='word_1_229' title='bbox 1192 1988 1259 2010; x_wconf 89' lang='lat' dir='ltr'><strong>nec</strong></span> <span class='ocrx_word' id='word_1_230' title='bbox 1293 1978 1449 2022; x_wconf 80' lang='lat' dir='ltr'><strong>pressis,</strong></span> <span class='ocrx_word' id='word_1_231' title='bbox 1485 1979 1586 2024; x_wconf 87' lang='lat' dir='ltr'><strong>quod</strong></span> 
     </span>
     <span class='ocr_line' id='line_1_30' title="bbox 114 2022 1585 2069; baseline 0.001 -12"><span class='ocrx_word' id='word_1_232' title='bbox 114 2023 229 2065; x_wconf 82' lang='lat' dir='ltr'><strong>aiunt,</strong></span> <span class='ocrx_word' id='word_1_233' title='bbox 252 2022 422 2056; x_wconf 77' lang='lat' dir='ltr'><strong>sedentes</strong></span> <span class='ocrx_word' id='word_1_234' title='bbox 447 2024 613 2057; x_wconf 84' lang='lat' dir='ltr'><strong>manibus</strong></span> <span class='ocrx_word' id='word_1_235' title='bbox 641 2025 863 2069; x_wconf 79' lang='lat' dir='ltr'><strong>negligemus</strong></span> <span class='ocrx_word' id='word_1_236' title='bbox 898 2026 1079 2068; x_wconf 84' lang='lat' dir='ltr'><strong>regionem</strong></span> <span class='ocrx_word' id='word_1_237' title='bbox 1103 2029 1262 2058; x_wconf 85' lang='lat' dir='ltr'><strong>nostram</strong></span> <span class='ocrx_word' id='word_1_238' title='bbox 1282 2026 1413 2058; x_wconf 79' lang='lat' dir='ltr'><strong>vastari</strong></span> <span class='ocrx_word' id='word_1_239' title='bbox 1440 2031 1476 2059; x_wconf 89' lang='lat' dir='ltr'><strong>et</strong></span> <span class='ocrx_word' id='word_1_240' title='bbox 1498 2026 1585 2059; x_wconf 78' lang='lat' dir='ltr'><strong>sub-</strong></span> 
     </span>
     <span class='ocr_line' id='line_1_31' title="bbox 115 2069 1582 2116; baseline 0.002 -13"><span class='ocrx_word' id='word_1_241' title='bbox 115 2069 212 2104; x_wconf 80' lang='lat' dir='ltr'><strong>ditos</strong></span> <span class='ocrx_word' id='word_1_242' title='bbox 247 2075 390 2104; x_wconf 85' lang='lat' dir='ltr'><strong>nostros</strong></span> <span class='ocrx_word' id='word_1_243' title='bbox 417 2071 616 2104; x_wconf 88' lang='lat' dir='ltr'><strong>Turcorum</strong></span> <span class='ocrx_word' id='word_1_244' title='bbox 650 2073 827 2116; x_wconf 82' lang='lat' dir='ltr'><strong>mancipia</strong></span> <span class='ocrx_word' id='word_1_245' title='bbox 874 2073 972 2105; x_wconf 83' lang='lat' dir='ltr'><strong>fieri:</strong></span> <span class='ocrx_word' id='word_1_246' title='bbox 1003 2083 1126 2105; x_wconf 80' lang='lat' dir='ltr'><strong>verum</strong></span> <span class='ocrx_word' id='word_1_247' title='bbox 1154 2072 1210 2104; x_wconf 82' lang='lat' dir='ltr'><strong>his</strong></span> <span class='ocrx_word' id='word_1_248' title='bbox 1235 2071 1380 2105; x_wconf 87' lang='lat' dir='ltr'><strong>taudem</strong></span> <span class='ocrx_word' id='word_1_249' title='bbox 1418 2078 1582 2106; x_wconf 77' lang='lat' dir='ltr'><strong>auctores</strong></span> 
     </span>
     <span class='ocr_line' id='line_1_32' title="bbox 116 2117 1583 2164; baseline 0.002 -14"><span class='ocrx_word' id='word_1_250' title='bbox 116 2118 247 2151; x_wconf 75' lang='lat' dir='ltr'><strong>erimus</strong></span> <span class='ocrx_word' id='word_1_251' title='bbox 273 2122 314 2151; x_wconf 86' lang='lat' dir='ltr'><strong>nt</strong></span> <span class='ocrx_word' id='word_1_252' title='bbox 339 2117 538 2163; x_wconf 85' lang='lat' dir='ltr'><strong>aliquando</strong></span> <span class='ocrx_word' id='word_1_253' title='bbox 559 2118 657 2152; x_wconf 87' lang='lat' dir='ltr'><strong>aliud</strong></span> <span class='ocrx_word' id='word_1_254' title='bbox 684 2120 872 2152; x_wconf 81' lang='lat' dir='ltr'><strong>consilium</strong></span> <span class='ocrx_word' id='word_1_255' title='bbox 898 2125 1054 2164; x_wconf 85' lang='lat' dir='ltr'><strong>captent,</strong></span> <span class='ocrx_word' id='word_1_256' title='bbox 1081 2125 1117 2152; x_wconf 84' lang='lat' dir='ltr'><strong>et</strong></span> <span class='ocrx_word' id='word_1_257' title='bbox 1132 2119 1238 2152; x_wconf 87' lang='lat' dir='ltr'><strong>armis</strong></span> <span class='ocrx_word' id='word_1_258' title='bbox 1261 2118 1413 2152; x_wconf 86' lang='lat' dir='ltr'><strong>barbaro</strong></span> <span class='ocrx_word' id='word_1_259' title='bbox 1438 2119 1583 2153; x_wconf 86' lang='lat' dir='ltr'><strong>fortiter</strong></span> 
     </span>
     <span class='ocr_line' id='line_1_33' title="bbox 117 2165 534 2198; baseline -0.002 0"><span class='ocrx_word' id='word_1_260' title='bbox 117 2165 282 2198; x_wconf 85' lang='lat' dir='ltr'><strong>resistere</strong></span> <span class='ocrx_word' id='word_1_261' title='bbox 307 2165 534 2198; x_wconf 75' lang='lat' dir='ltr'><strong>instituant.’&#39;</strong></span> 
     </span>
    </p>

    <p class='ocr_par' dir='ltr' id='par_1_13' title="bbox 114 2211 1582 2820">
     <span class='ocr_line' id='line_1_34' title="bbox 209 2211 1582 2258; baseline 0 -14"><span class='ocrx_word' id='word_1_262' title='bbox 209 2212 334 2245; x_wconf 84' lang='lat' dir='ltr'><strong>Victor</strong></span> <span class='ocrx_word' id='word_1_263' title='bbox 358 2211 608 2246; x_wconf 82' lang='lat' dir='ltr'><strong>huiuscemodi</strong></span> <span class='ocrx_word' id='word_1_264' title='bbox 633 2214 796 2247; x_wconf 87' lang='lat' dir='ltr'><strong>oratione</strong></span> <span class='ocrx_word' id='word_1_265' title='bbox 821 2213 944 2246; x_wconf 82' lang='lat' dir='ltr'><strong>habita</strong></span> <span class='ocrx_word' id='word_1_266' title='bbox 972 2213 1146 2258; x_wconf 84' lang='lat' dir='ltr'><strong>plurimos</strong></span> <span class='ocrx_word' id='word_1_267' title='bbox 1171 2212 1210 2246; x_wconf 89' lang='lat' dir='ltr'><strong>in</strong></span> <span class='ocrx_word' id='word_1_268' title='bbox 1236 2224 1334 2246; x_wconf 83' lang='lat' dir='ltr'><strong>suam</strong></span> <span class='ocrx_word' id='word_1_269' title='bbox 1361 2212 1582 2245; x_wconf 83' lang='lat' dir='ltr'><strong>sententiam</strong></span> 
     </span>
     <span class='ocr_line' id='line_1_35' title="bbox 115 2259 1581 2306; baseline 0 -15"><span class='ocrx_word' id='word_1_270' title='bbox 115 2259 235 2292; x_wconf 79' lang='lat' dir='ltr'><strong>traxit.</strong></span> <span class='ocrx_word' id='word_1_271' title='bbox 285 2259 415 2292; x_wconf 80' lang='lat' dir='ltr'><strong>calculi</strong></span> <span class='ocrx_word' id='word_1_272' title='bbox 442 2265 561 2293; x_wconf 79' lang='lat' dir='ltr'><strong>autem</strong></span> <span class='ocrx_word' id='word_1_273' title='bbox 586 2271 666 2292; x_wconf 88' lang='lat' dir='ltr'><strong>cum</strong></span> <span class='ocrx_word' id='word_1_274' title='bbox 692 2260 954 2306; x_wconf 83' lang='lat' dir='ltr'><strong>propemodum</strong></span> <span class='ocrx_word' id='word_1_275' title='bbox 971 2261 1141 2305; x_wconf 87' lang='lat' dir='ltr'><strong>utrinque</strong></span> <span class='ocrx_word' id='word_1_276' title='bbox 1169 2266 1289 2294; x_wconf 84' lang='lat' dir='ltr'><strong>essent</strong></span> <span class='ocrx_word' id='word_1_277' title='bbox 1315 2259 1487 2303; x_wconf 84' lang='lat' dir='ltr'><strong>aequales</strong></span> <span class='ocrx_word' id='word_1_278' title='bbox 1512 2271 1581 2292; x_wconf 90' lang='lat' dir='ltr'><strong>nu—</strong></span> 
     </span>
     <span class='ocr_line' id='line_1_36' title="bbox 115 2306 1581 2353; baseline 0.001 -15"><span class='ocrx_word' id='word_1_279' title='bbox 115 2316 225 2346; x_wconf 82' lang='lat' dir='ltr'><strong>mero,</strong></span> <span class='ocrx_word' id='word_1_280' title='bbox 252 2306 369 2340; x_wconf 79' lang='lat' dir='ltr'><strong>vicere</strong></span> <span class='ocrx_word' id='word_1_281' title='bbox 398 2311 538 2348; x_wconf 87' lang='lat' dir='ltr'><strong>tamen,</strong></span> <span class='ocrx_word' id='word_1_282' title='bbox 574 2308 661 2352; x_wconf 80' lang='lat' dir='ltr'><strong>quia</strong></span> <span class='ocrx_word' id='word_1_283' title='bbox 690 2309 878 2353; x_wconf 83' lang='lat' dir='ltr'><strong>aliquanto</strong></span> <span class='ocrx_word' id='word_1_284' title='bbox 912 2309 1033 2352; x_wconf 91' lang='lat' dir='ltr'><strong>plures</strong></span> <span class='ocrx_word' id='word_1_285' title='bbox 1069 2313 1193 2347; x_wconf 83' lang='lat' dir='ltr'><strong>erant,</strong></span> <span class='ocrx_word' id='word_1_286' title='bbox 1226 2308 1288 2352; x_wconf 84' lang='lat' dir='ltr'><strong>qui</strong></span> <span class='ocrx_word' id='word_1_287' title='bbox 1318 2307 1455 2339; x_wconf 88' lang='lat' dir='ltr'><strong>bellum</strong></span> <span class='ocrx_word' id='word_1_288' title='bbox 1487 2317 1581 2339; x_wconf 92' lang='lat' dir='ltr'><strong>nun-</strong></span> 
     </span>
     <span class='ocr_line' id='line_1_37' title="bbox 115 2351 1582 2399; baseline 0 -14"><span class='ocrx_word' id='word_1_289' title='bbox 115 2351 269 2386; x_wconf 81' lang='lat' dir='ltr'><strong>tiabant.</strong></span> <span class='ocrx_word' id='word_1_290' title='bbox 319 2353 516 2387; x_wconf 79' lang='lat' dir='ltr'><strong>secundum</strong></span> <span class='ocrx_word' id='word_1_291' title='bbox 559 2353 649 2387; x_wconf 81' lang='lat' dir='ltr'><strong>haec</strong></span> <span class='ocrx_word' id='word_1_292' title='bbox 683 2355 866 2387; x_wconf 87' lang='lat' dir='ltr'><strong>decretum</strong></span> <span class='ocrx_word' id='word_1_293' title='bbox 902 2355 1033 2387; x_wconf 81' lang='lat' dir='ltr'><strong>factum</strong></span> <span class='ocrx_word' id='word_1_294' title='bbox 1074 2359 1129 2387; x_wconf 82' lang='lat' dir='ltr'><strong>est</strong></span> <span class='ocrx_word' id='word_1_295' title='bbox 1165 2359 1206 2387; x_wconf 89' lang='lat' dir='ltr'><strong>ut</strong></span> <span class='ocrx_word' id='word_1_296' title='bbox 1231 2354 1340 2399; x_wconf 80' lang='lat' dir='ltr'><strong>legati</strong></span> <span class='ocrx_word' id='word_1_297' title='bbox 1368 2353 1512 2386; x_wconf 84' lang='lat' dir='ltr'><strong>abirent</strong></span> <span class='ocrx_word' id='word_1_298' title='bbox 1535 2353 1582 2385; x_wconf 85' lang='lat' dir='ltr'><strong>ad</strong></span> 
     </span>
     <span class='ocr_line' id='line_1_38' title="bbox 114 2400 1582 2447; baseline -0.001 -13"><span class='ocrx_word' id='word_1_299' title='bbox 114 2400 325 2444; x_wconf 75' lang='lat' dir='ltr'><strong>pontificem</strong></span> <span class='ocrx_word' id='word_1_300' title='bbox 351 2411 529 2445; x_wconf 85' lang='lat' dir='ltr'><strong>magnum,</strong></span> <span class='ocrx_word' id='word_1_301' title='bbox 555 2406 593 2434; x_wconf 83' lang='lat' dir='ltr'><strong>et</strong></span> <span class='ocrx_word' id='word_1_302' title='bbox 618 2401 681 2434; x_wconf 86' lang='lat' dir='ltr'><strong>alii</strong></span> <span class='ocrx_word' id='word_1_303' title='bbox 708 2413 816 2447; x_wconf 92' lang='lat' dir='ltr'><strong>porro</strong></span> <span class='ocrx_word' id='word_1_304' title='bbox 841 2401 886 2434; x_wconf 87' lang='lat' dir='ltr'><strong>ad</strong></span> <span class='ocrx_word' id='word_1_305' title='bbox 905 2402 1090 2434; x_wconf 73' lang='lat' dir='ltr'><strong>pannones</strong></span> <span class='ocrx_word' id='word_1_306' title='bbox 1118 2400 1373 2444; x_wconf 67' lang='lat' dir='ltr'><strong>ableg-nentur</strong></span> <span class='ocrx_word' id='word_1_307' title='bbox 1399 2411 1478 2432; x_wconf 89' lang='lat' dir='ltr'><strong>cum</strong></span> <span class='ocrx_word' id='word_1_308' title='bbox 1504 2411 1582 2432; x_wconf 81' lang='lat' dir='ltr'><strong>ma-</strong></span> 
     </span>
     <span class='ocr_line' id='line_1_39' title="bbox 115 2447 1582 2492; baseline -0.001 -12"><span class='ocrx_word' id='word_1_309' title='bbox 115 2457 183 2490; x_wconf 86' lang='lat' dir='ltr'><strong>gna</strong></span> <span class='ocrx_word' id='word_1_310' title='bbox 208 2447 381 2491; x_wconf 86' lang='lat' dir='ltr'><strong>pecuniae</strong></span> <span class='ocrx_word' id='word_1_311' title='bbox 410 2448 456 2480; x_wconf 91' lang='lat' dir='ltr'><strong>vi.</strong></span> <span class='ocrx_word' id='word_1_312' title='bbox 504 2448 613 2492; x_wconf 78' lang='lat' dir='ltr'><strong>legati</strong></span> <span class='ocrx_word' id='word_1_313' title='bbox 639 2450 828 2482; x_wconf 85' lang='lat' dir='ltr'><strong>venientes</strong></span> <span class='ocrx_word' id='word_1_314' title='bbox 860 2448 905 2482; x_wconf 85' lang='lat' dir='ltr'><strong>ad</strong></span> <span class='ocrx_word' id='word_1_315' title='bbox 933 2449 1139 2492; x_wconf 81' lang='lat' dir='ltr'><strong>pontificem</strong></span> <span class='ocrx_word' id='word_1_316' title='bbox 1178 2449 1383 2488; x_wconf 79' lang='lat' dir='ltr'><strong>maximum,</strong></span> <span class='ocrx_word' id='word_1_317' title='bbox 1409 2447 1582 2480; x_wconf 85' lang='lat' dir='ltr'><strong>dixerunt</strong></span> 
     </span>
     <span class='ocr_line' id='line_1_40' title="bbox 115 2494 1581 2541; baseline 0.001 -15"><span class='ocrx_word' id='word_1_318' title='bbox 115 2504 210 2539; x_wconf 82' lang='lat' dir='ltr'><strong>quae</strong></span> <span class='ocrx_word' id='word_1_319' title='bbox 226 2494 396 2527; x_wconf 35' lang='lat' dir='ltr'><strong>*Venetos</strong></span> <span class='ocrx_word' id='word_1_320' title='bbox 437 2494 559 2528; x_wconf 83' lang='lat' dir='ltr'><strong>dicere</strong></span> <span class='ocrx_word' id='word_1_321' title='bbox 589 2506 744 2541; x_wconf 85' lang='lat' dir='ltr'><strong>aequum</strong></span> <span class='ocrx_word' id='word_1_322' title='bbox 770 2501 873 2536; x_wconf 82' lang='lat' dir='ltr'><strong>erat,</strong></span> <span class='ocrx_word' id='word_1_323' title='bbox 898 2496 1069 2530; x_wconf 81' lang='lat' dir='ltr'><strong>videlicet</strong></span> <span class='ocrx_word' id='word_1_324' title='bbox 1095 2501 1236 2539; x_wconf 85' lang='lat' dir='ltr'><strong>tempus</strong></span> <span class='ocrx_word' id='word_1_325' title='bbox 1262 2506 1359 2528; x_wconf 87' lang='lat' dir='ltr'><strong>nune</strong></span> <span class='ocrx_word' id='word_1_326' title='bbox 1386 2494 1519 2527; x_wconf 81' lang='lat' dir='ltr'><strong>instare</strong></span> <span class='ocrx_word' id='word_1_327' title='bbox 1544 2499 1581 2528; x_wconf 84' lang='lat' dir='ltr'><strong>et</strong></span> 
     </span>
     <span class='ocr_line' id='line_1_41' title="bbox 115 2541 1580 2586; baseline 0.001 -14"><span class='ocrx_word' id='word_1_328' title='bbox 115 2550 261 2573; x_wconf 82' lang='lat' dir='ltr'><strong>monere</strong></span> <span class='ocrx_word' id='word_1_329' title='bbox 285 2546 324 2574; x_wconf 88' lang='lat' dir='ltr'><strong>nt</strong></span> <span class='ocrx_word' id='word_1_330' title='bbox 345 2552 416 2574; x_wconf 84' lang='lat' dir='ltr'><strong>una</strong></span> <span class='ocrx_word' id='word_1_331' title='bbox 444 2553 524 2574; x_wconf 85' lang='lat' dir='ltr'><strong>cum</strong></span> <span class='ocrx_word' id='word_1_332' title='bbox 550 2542 638 2586; x_wconf 84' lang='lat' dir='ltr'><strong>ipsis</strong></span> <span class='ocrx_word' id='word_1_333' title='bbox 662 2542 801 2576; x_wconf 87' lang='lat' dir='ltr'><strong>bellum</strong></span> <span class='ocrx_word' id='word_1_334' title='bbox 828 2542 996 2576; x_wconf 85' lang='lat' dir='ltr'><strong>adversus</strong></span> <span class='ocrx_word' id='word_1_335' title='bbox 1020 2541 1192 2574; x_wconf 81' lang='lat' dir='ltr'><strong>barbaros</strong></span> <span class='ocrx_word' id='word_1_336' title='bbox 1212 2543 1428 2586; x_wconf 69' lang='lat' dir='ltr'><strong>capesseret,</strong></span> <span class='ocrx_word' id='word_1_337' title='bbox 1453 2552 1580 2586; x_wconf 84' lang='lat' dir='ltr'><strong>quem-</strong></span> 
     </span>
     <span class='ocr_line' id='line_1_42' title="bbox 116 2585 1580 2635; baseline 0.001 -16"><span class='ocrx_word' id='word_1_338' title='bbox 116 2585 309 2621; x_wconf 78' lang='lat' dir='ltr'><strong>admodum</strong></span> <span class='ocrx_word' id='word_1_339' title='bbox 338 2587 508 2623; x_wconf 83' lang='lat' dir='ltr'><strong>Mantuae</strong></span> <span class='ocrx_word' id='word_1_340' title='bbox 533 2590 773 2623; x_wconf 81' lang='lat' dir='ltr'><strong>convenisset.</strong></span> <span class='ocrx_word' id='word_1_341' title='bbox 815 2590 981 2635; x_wconf 73' lang='lat' dir='ltr'><strong>pontifex</strong></span> <span class='ocrx_word' id='word_1_342' title='bbox 1009 2588 1231 2633; x_wconf 88' lang='lat' dir='ltr'><strong>respondens</strong></span> <span class='ocrx_word' id='word_1_343' title='bbox 1259 2589 1384 2634; x_wconf 86' lang='lat' dir='ltr'><strong>inquit</strong></span> <span class='ocrx_word' id='word_1_344' title='bbox 1409 2593 1580 2621; x_wconf 83' lang='lat' dir='ltr'><strong>“necesse</strong></span> 
     </span>
     <span class='ocr_line' id='line_1_43' title="bbox 116 2635 1581 2681; baseline 0 -14"><span class='ocrx_word' id='word_1_345' title='bbox 116 2639 172 2668; x_wconf 75' lang='lat' dir='ltr'><strong>est</strong></span> <span class='ocrx_word' id='word_1_346' title='bbox 196 2640 237 2668; x_wconf 86' lang='lat' dir='ltr'><strong>ut</strong></span> <span class='ocrx_word' id='word_1_347' title='bbox 257 2635 356 2680; x_wconf 85' lang='lat' dir='ltr'><strong>prius</strong></span> <span class='ocrx_word' id='word_1_348' title='bbox 388 2635 540 2681; x_wconf 87' lang='lat' dir='ltr'><strong>impium</strong></span> <span class='ocrx_word' id='word_1_349' title='bbox 573 2641 610 2669; x_wconf 88' lang='lat' dir='ltr'><strong>et</strong></span> <span class='ocrx_word' id='word_1_350' title='bbox 651 2637 932 2670; x_wconf 81' lang='lat' dir='ltr'><strong>consceleratum</strong></span> <span class='ocrx_word' id='word_1_351' title='bbox 958 2636 1207 2680; x_wconf 75' lang='lat' dir='ltr'><strong>minoremque</strong></span> <span class='ocrx_word' id='word_1_352' title='bbox 1234 2635 1429 2668; x_wconf 87' lang='lat' dir='ltr'><strong>barbarum</strong></span> <span class='ocrx_word' id='word_1_353' title='bbox 1455 2645 1475 2667; x_wconf 79' lang='lat' dir='ltr'><strong>e</strong></span> <span class='ocrx_word' id='word_1_354' title='bbox 1502 2646 1581 2668; x_wconf 90' lang='lat' dir='ltr'><strong>me-</strong></span> 
     </span>
     <span class='ocr_line' id='line_1_44' title="bbox 117 2680 1579 2727; baseline 0 -13"><span class='ocrx_word' id='word_1_355' title='bbox 117 2680 176 2714; x_wconf 87' lang='lat' dir='ltr'><strong>dio</strong></span> <span class='ocrx_word' id='word_1_356' title='bbox 203 2681 342 2714; x_wconf 84' lang='lat' dir='ltr'><strong>tollam.</strong></span> <span class='ocrx_word' id='word_1_357' title='bbox 391 2681 523 2716; x_wconf 89' lang='lat' dir='ltr'><strong>deinde</strong></span> <span class='ocrx_word' id='word_1_358' title='bbox 548 2682 619 2715; x_wconf 85' lang='lat' dir='ltr'><strong>diis</strong></span> <span class='ocrx_word' id='word_1_359' title='bbox 646 2683 740 2717; x_wconf 86' lang='lat' dir='ltr'><strong>bene</strong></span> <span class='ocrx_word' id='word_1_360' title='bbox 767 2683 999 2717; x_wconf 86' lang='lat' dir='ltr'><strong>monentibus</strong></span> <span class='ocrx_word' id='word_1_361' title='bbox 1029 2682 1237 2727; x_wconf 83' lang='lat' dir='ltr'><strong>proficiscar</strong></span> <span class='ocrx_word' id='word_1_362' title='bbox 1261 2687 1384 2715; x_wconf 88' lang='lat' dir='ltr'><strong>contra</strong></span> <span class='ocrx_word' id='word_1_363' title='bbox 1413 2692 1579 2726; x_wconf 82' lang='lat' dir='ltr'><strong>maguum</strong></span> 
     </span>
     <span class='ocr_line' id='line_1_45' title="bbox 115 2726 1581 2775; baseline 0 -15"><span class='ocrx_word' id='word_1_364' title='bbox 115 2726 343 2761; x_wconf 79' lang='lat' dir='ltr'><strong>barbarum-&#39;¹</strong></span> <span class='ocrx_word' id='word_1_365' title='bbox 379 2734 418 2762; x_wconf 82' lang='lat' dir='ltr'><strong>at</strong></span> <span class='ocrx_word' id='word_1_366' title='bbox 443 2728 673 2773; x_wconf 85' lang='lat' dir='ltr'><strong>intelligebat</strong></span> <span class='ocrx_word' id='word_1_367' title='bbox 699 2731 849 2764; x_wconf 77' lang='lat' dir='ltr'><strong>Arimini</strong></span> <span class='ocrx_word' id='word_1_368' title='bbox 877 2730 1016 2768; x_wconf 87' lang='lat' dir='ltr'><strong>ducem,</strong></span> <span class='ocrx_word' id='word_1_369' title='bbox 1045 2739 1125 2762; x_wconf 88' lang='lat' dir='ltr'><strong>cum</strong></span> <span class='ocrx_word' id='word_1_370' title='bbox 1151 2739 1224 2775; x_wconf 90' lang='lat' dir='ltr'><strong>quo</strong></span> <span class='ocrx_word' id='word_1_371' title='bbox 1248 2728 1386 2761; x_wconf 88' lang='lat' dir='ltr'><strong>bellum</strong></span> <span class='ocrx_word' id='word_1_372' title='bbox 1416 2739 1459 2761; x_wconf 86' lang='lat' dir='ltr'><strong>ea</strong></span> <span class='ocrx_word' id='word_1_373' title='bbox 1485 2735 1581 2762; x_wconf 88' lang='lat' dir='ltr'><strong>tem-</strong></span> 
     </span>
     <span class='ocr_line' id='line_1_46' title="bbox 117 2775 1562 2820; baseline 0.001 -12"><span class='ocrx_word' id='word_1_374' title='bbox 117 2780 259 2820; x_wconf 83' lang='lat' dir='ltr'><strong>pestate</strong></span> <span class='ocrx_word' id='word_1_375' title='bbox 287 2775 446 2820; x_wconf 85' lang='lat' dir='ltr'><strong>gerebat.</strong></span> <span class='ocrx_word' id='word_1_376' title='bbox 495 2787 619 2810; x_wconf 85' lang='lat' dir='ltr'><strong>verum</strong></span> <span class='ocrx_word' id='word_1_377' title='bbox 644 2787 787 2810; x_wconf 83' lang='lat' dir='ltr'><strong>causam</strong></span> <span class='ocrx_word' id='word_1_378' title='bbox 816 2778 894 2810; x_wconf 88' lang='lat' dir='ltr'><strong>eius</strong></span> <span class='ocrx_word' id='word_1_379' title='bbox 921 2777 1012 2810; x_wconf 85' lang='lat' dir='ltr'><strong>belli</strong></span> <span class='ocrx_word' id='word_1_380' title='bbox 1038 2787 1136 2809; x_wconf 86' lang='lat' dir='ltr'><strong>nunc</strong></span> <span class='ocrx_word' id='word_1_381' title='bbox 1167 2776 1328 2810; x_wconf 87' lang='lat' dir='ltr'><strong>omisisse</strong></span> <span class='ocrx_word' id='word_1_382' title='bbox 1362 2776 1472 2809; x_wconf 81' lang='lat' dir='ltr'><strong>satius</strong></span> <span class='ocrx_word' id='word_1_383' title='bbox 1497 2782 1562 2809; x_wconf 86' lang='lat' dir='ltr'><strong>est.</strong></span> 
     </span>
    </p>
   </div>
  </div>
 </body>
</html>
