1858 3210
458 181 528 219 DE
556 179 727 218 REBUS
769 176 1021 219 TURClClS
1065 178 1218 217 L.vu.
1479 172 1574 216 337

225 277 277 322 Οἱ
305 280 384 332 μὲν
412 279 528 334 α’μφί
565 277 635 319 τὸν
662 278 842 330 βασιλέα
876 277 1064 324 Παίονες
1096 275 1154 324 ὥς
1186 274 1440 330 ἀπήλαυνον,
1473 274 1575 329 ἐζή-

113 360 212 390 τουν
237 346 309 388 τὸν
336 347 515 398 βασιλέα
533 361 543 372 ·
602 343 709 396 μετὰ
738 344 785 384 δὲ
812 344 958 396 ταῦτα,
986 341 1043 389 ὥς
1065 337 1248 397 ᾔσθοντο
1280 344 1468 384 ἐνταῦθα
1497 357 1576 382 πε-

112 409 252 460 σόντος
279 413 352 452 καί
381 409 694 464 ἀποθανόντος,
739 411 937 461 ἐνέβαλον
975 409 1055 460 μὲν
1091 408 1275 460 αὐτίκα,
1326 406 1617 461 πειρώμενοιῦ

113 477 339 519 ἀνελέσθαι
365 476 439 519 τὸν
466 474 623 530 νεκρόν,
655 472 706 516 οὗ
734 477 877 527 μέντοι
907 475 1220 527 περιεγένοντο·
1277 473 1470 530 ἐπύρωσε
1495 473 1578 530 γάρ

80 537 295 597 ὅτοιῖργον
321 541 418 591 τούς
445 539 682 596 νεήλυδας,
722 543 794 582 καί
840 539 1050 593 ἐμάχοντο
1086 539 1293 592 μεγάλως.
1366 539 1475 593 μετὰ
1508 541 1579 594 δέ,

115 607 172 659 αἱς
202 609 278 649 ουίι
313 605 517 663 ἠδύναντο
559 608 784 649 ἀνελέσθαι
824 604 898 647 τὸν
942 604 1115 660 νεκρόν,
1163 605 1406 659 α’πήλαυνον
1438 606 1510 648 ἐπὶ
1534 604 1580 648 τὸ

113 672 408 730 στρατόπεδον.
469 675 542 715 καί
570 673 722 714 αυ’τι’κα
751 672 773 726 ἦ
805 670 927 727 φήμη
950 671 1186 726 ἀφικομένη
1219 672 1290 712 ἐπὶ
1306 671 1380 712 τὸν
1409 673 1581 714 Χωνιά·

113 757 188 796 την
217 742 290 782 καί
320 742 363 790 ἐς
402 739 503 788 τούς
527 733 682 787 ἄλλους
723 738 824 786 τούς
856 739 900 779 ἐν
931 742 1024 785 ταῖς
1070 737 1317 787 συντάξεσιν
1345 735 1506 779 ἔπαυσέ
1534 755 1580 779 τε

112 805 268 862 μάχης.
300 808 374 848 καί
400 807 722 859 ἀποχωροῦντος
752 806 824 846 καί
853 802 990 851 ἰόντος
1016 803 1059 843 έν
1093 802 1238 843 οὐδενί
1263 801 1419 860 κόσμῳ,
1451 806 1582 845 ἐπυν-

59 877 103 913 10
115 873 263 914 θάνετο
291 873 461 923 ἕκαστα,
490 870 627 912 ουκέτι
655 865 838 925 ἤλαυνεν
864 871 936 911 ἐπὶ
962 867 1008 910 τὸ
1031 866 1328 924 στρατόπεδον,
1358 866 1446 910 ἀλλ’
1467 870 1578 911 εὕθὺ

114 939 195 980 τοῦ
218 934 385 994 Ἴστρου
432 937 658 992 ἐπορεύετο
703 934 830 984 αὕτός
858 951 902 977 τε
943 951 1012 976 και
1043 933 1081 976 οἱ
1108 936 1259 990 Δᾶκες,
1292 938 1364 977 καί
1389 953 1446 985 ως
1466 933 1582 989 εἶχον

114 1000 326 1060 σπουδῆς,
356 1002 536 1060 ε’φευγον
565 1005 608 1045 έν
639 1003 783 1044 ου’δενί
820 1001 964 1059 κόσμω
994 1001 1067 1043 καί
1095 1000 1134 1043 οἱ
1165 998 1282 1058 ἄμφι
1306 1001 1376 1043 τὸν
1402 1006 1582 1055 βασιλέα

113 1069 336 1113 Παιόνων.
396 1072 441 1112 ἐν
469 1069 606 1126 ταύτῃ
644 1070 696 1126 τῇ
733 1069 1006 1123 ἀποχωρήσει
1040 1068 1303 1122 ἐτελεύτησεν
1331 1067 1411 1110 υπὸ
1448 1071 1582 1122 Τουρ-

114 1153 198 1178 κων
222 1135 452 1184 Ἰουλιανὸς
500 1136 791 1190 καρδινάλιος,
833 1133 943 1189 ἀνὴρ
984 1132 1037 1175 τά
1071 1134 1206 1175 πάντα
1234 1134 1456 1188 γενόμενος
1484 1132 1581 1190 ἄρι-

60 1212 103 1246 25
115 1218 228 1252 στος.
285 1205 359 1244 καί
386 1199 506 1244 ἄλλοι
534 1217 580 1244 τε
610 1200 758 1244 ἔπεσον
787 1204 830 1243 έν
861 1203 913 1259 τῇ
942 1198 1215 1254 α’ποχωρήσει
1243 1196 1394 1258 ἄνδρες
1424 1202 1624 1256 ἀγαθοῖο

116 1269 201 1311 οὐκ
225 1270 352 1323 ὀλίγοι
385 1270 552 1311 Δακῶν.

220 1336 415 1389 Ἰωάννης
442 1337 490 1376 δὲ
518 1335 575 1382 ὥς
605 1333 675 1375 έπί
707 1332 781 1374 τὸν
799 1329 962 1388 Ἴστρον
999 1334 1174 1389 ἄφίκετο
1203 1336 1277 1377 καί
1302 1335 1352 1377 τά
1383 1349 1429 1377 τε
1452 1351 1584 1389 στρα-

116 1399 307 1454 τεύματα
351 1399 559 1454 διαβάντα
589 1399 820 1454 διεσπάρη,
855 1400 1059 1455 ἐνταῦθα,
1090 1399 1146 1448 ὥς
1175 1401 1402 1456 ἐπορεύετο
1428 1399 1584 1454 ὀλίγοις

115 1471 202 1515 τοῖς
230 1468 341 1522 ἄμφ’
368 1466 511 1519 αὐτόν,
539 1463 651 1508 ἑάλω
679 1464 762 1506 ὑπὸ
792 1465 1050 1520 Δρακούλεω
1078 1467 1156 1507 τοῦ
1184 1468 1338 1508 Δακῶν
1369 1466 1582 1522 νῖγεμόνος,

54 1534 315 1584 2οπολεμίου
337 1548 380 1574 τε
408 1528 539 1580 ὄντος.
599 1531 670 1572 καί
698 1528 900 1585 πρότερον
927 1533 975 1572 δὲ
1002 1531 1192 1587 Ἰωάννης
1219 1533 1471 1586 η’ναντιοῦτο
1502 1535 1582 1574 av'-

111 1599 168 1654 τῷ
196 1597 239 1639 ἐν
270 1603 356 1647 τοῖς
385 1601 552 1640 Παιόσι
588 1598 705 1652 παρά
735 1601 908 1650 βασιλεῖ
934 1599 1195 1655 Λαδισλάῳ,
1225 1595 1296 1640 ὅτε
1327 1597 1404 1653 τήν
1435 1598 1580 1642 ἔλασιν

111 1665 328 1706 ἐποιοῦντο
369 1664 452 1706 α’πὸ
494 1667 567 1718 τῆς
597 1667 758 1712 Δακιάς
801 1663 875 1704 τὸν
907 1657 1067 1718 Ἴστρον
1102 1666 1402 1717 διαβαίνοντες,
1430 1665 1504 1714 τάς
1532 1682 1578 1707 τε

109 1727 254 1783 κώμας
285 1730 419 1772 αὐτοῦ
438 1729 698 1786 ληιζόμενος,
728 1728 800 1771 καί
828 1731 997 1783 διέβαλε
1032 1729 1139 1785 πρός
1165 1733 1346 1784 βασιλέα
1368 1732 1576 1774 Παιόνων

206 1945 395 1978 pannones
419 1956 498 1978 cum
525 1944 718 1986 cederent,
746 1955 863 1987 regem
890 1955 994 1977 suum
1030 1944 1294 1989 quaeritabant.
1344 1956 1425 1977 cum
1451 1951 1571 1979 autem

111 1992 371 2037 comperissent
406 2003 487 2025 eum
531 1993 569 2025 in
596 1993 671 2025 acie
705 1991 877 2024 cecidisse
918 1997 955 2024 et
990 1992 1241 2025 obtruncatum
1275 2003 1372 2030 esse,
1402 1993 1440 2025 in
1467 2004 1571 2037 prae-

112 2037 201 2071 lium
227 2038 390 2079 redeunt,
417 2040 579 2072 volentos
605 2039 735 2072 mortui
755 2049 883 2083 corpus
909 2038 1062 2080 tollere;
1087 2050 1153 2071 nec
1181 2045 1302 2072 tamen
1327 2040 1467 2073 Tui-cos
1491 2041 1573 2073 vin-

111 2095 192 2119 cere
217 2087 420 2132 quiverunt.
469 2086 529 2119 hic
560 2097 679 2119 rumor
704 2091 744 2118 ut
769 2085 918 2119 devenit
952 2085 997 2118 ad
1027 2085 1242 2119 Choniatem
1275 2092 1312 2119 et
1338 2087 1383 2119 ad
1412 2088 1569 2132 reliquos

110 2133 174 2178 qui
203 2132 298 2166 hunc
323 2133 599 2174 comitabantur,
623 2137 852 2167 excesserunt
880 2133 1031 2177 praelio.
1082 2144 1162 2166 cum
1189 2139 1309 2166 autem
1338 2140 1433 2166 retro
1460 2134 1569 2166 cede-

112 2185 192 2213 rent
212 2185 251 2214 et
274 2180 436 2225 palantes
459 2181 563 2214 nullo
590 2186 718 2214 ornatu
745 2181 813 2212 iter
834 2179 1006 2219 facerent,
1036 2181 1155 2213 omnia
1183 2187 1306 2214 exacte
1333 2181 1570 2225 expiscaban-

109 2231 180 2259 tur.
231 2227 337 2260 rebus
366 2228 532 2261 omnibus
559 2229 711 2272 cognitis
735 2238 810 2259 non
837 2227 884 2259 ad
910 2233 1024 2260 castra
1050 2228 1305 2273 properabant,
1330 2239 1452 2260 verum
1473 2234 1569 2262 recta

109 2273 157 2306 ad
180 2274 309 2307 latrum
337 2275 606 2308 contendebant
631 2274 826 2308 Choniates
851 2280 887 2307 et
926 2274 1024 2307 Daci.
1074 2275 1180 2307 etiam
1209 2275 1397 2307 pannones
1423 2276 1487 2320 qui
1514 2287 1570 2308 re-

110 2331 188 2364 gem
211 2322 322 2354 secuti
349 2322 505 2362 fuerant,
536 2323 654 2366 fugam
683 2321 880 2366 arripuere,
917 2321 1084 2354 cedentes
1114 2323 1218 2354 nullo
1247 2322 1387 2354 ordine.
1439 2323 1476 2355 in
1500 2321 1570 2355 hoc

109 2366 266 2400 discessu
296 2369 506 2402 interfectus
549 2374 603 2403 est
639 2369 683 2402 ab
720 2369 846 2402 Turcis
872 2368 1033 2409 Iulianus
1072 2369 1287 2409 cardinalis,
1316 2370 1370 2400 vir
1397 2370 1567 2414 optimus.

108 2414 319 2448 ceciderunt
348 2415 483 2448 ibidem
518 2422 554 2450 et
587 2416 648 2449 alii
683 2416 772 2450 boni
812 2415 876 2448 viri
914 2416 1127 2461 complures.
1178 2417 1264 2448 Daci
1293 2416 1399 2448 etiam
1427 2417 1569 2461 aliquot

108 2461 299 2495 desiderati
326 2468 420 2495 sunt.

202 2510 355 2542 loannes
380 2509 562 2542 Huni-ades
587 2520 666 2542 cum
703 2509 747 2542 ad
773 2510 902 2542 Istrum
926 2510 1084 2542 venisset
1110 2510 1359 2554 exercitusque
1387 2510 1565 2543 traduxis-

109 2561 175 2597 set,
206 2556 358 2601 dispersi
393 2562 477 2590 sunt
509 2557 653 2589 milites.
716 2567 795 2588 cum
836 2557 912 2601 ipse
939 2557 1092 2602 stipatus
1118 2557 1238 2600 paucis
1264 2556 1471 2596 incederet,
1505 2570 1564 2590 ca-

104 2607 190 2646 ptus
232 2609 286 2636 est
310 2603 354 2635 ab
389 2614 453 2636 suo
486 2602 589 2636 hoste
625 2604 778 2636 Dracule
817 2604 993 2636 Dacorum
1034 2603 1206 2648 principe.
1257 2614 1339 2635 uam
1369 2603 1564 2638 Choniates

108 2654 214 2683 antea
254 2650 338 2682 huic
375 2650 470 2683 inter
499 2650 684 2684 pannones
719 2649 923 2683 adversatus
950 2655 1050 2689 erat,
1075 2650 1112 2682 in
1138 2655 1332 2694 conspectu
1359 2651 1450 2692 regis
1477 2652 1564 2685 vla-

108 2695 235 2739 dislai3
262 2703 298 2730 et
324 2698 392 2730 iter
420 2697 554 2730 faciens
580 2708 623 2730 ex
648 2698 761 2730 Dacia
791 2703 827 2730 et
854 2698 983 2730 Istrum
1003 2697 1182 2730 transiens
1209 2708 1288 2729 cum
1317 2698 1430 2742 copiis
1457 2699 1563 2732 urbes

106 2744 184 2777 eius
212 2743 417 2790 diripiebat.
468 2750 652 2789 praeterea
677 2743 809 2778 detulit
832 2755 912 2778 eum
936 2743 1031 2789 apud
1059 2754 1176 2787 regem
1198 2743 1436 2787 vladislaum,
1461 2748 1562 2792 quasi

191 2818 519 2864 Chalcocondylas.
1328 2821 1372 2853 22
