1774 3204
228 200 323 245 538
547 198 765 240 LAONlCl
815 198 1322 243 CHALCOCONDYLAE

226 301 297 350 τὸς
332 303 374 350 ές
402 299 470 342 τὸν
489 299 688 350 ποταμόν,
716 298 900 338 ἐνταῦθα
933 299 1191 340 ἐπισπεύδων
1211 299 1530 354 Πζῖαχουμοιῖτης
1559 299 1658 348 τούς

224 370 302 407 τοῦ
329 364 609 418 στρατοπέδου
638 363 858 415 ἀρίστους,
887 358 995 404 ὥστε
1023 362 1246 414 διαβάντας
1274 363 1347 404 τὸν
1375 364 1559 423 ποταμὸν
1586 364 1659 418 ἔρ-

224 446 294 483 γον
320 432 426 482 μέγα
455 428 716 482 ἐργάσασθαι
733 430 910 479 βασιλεῖ’,
939 427 1221 480 συλλαβόντας
1247 430 1451 482 Ἰλλυριῶν
1469 433 1658 482 βασιλέα,

223 494 335 546 ἔλεγε
363 490 514 533 τοιάδε.
569 487 742 543 “liudp-eg
773 494 962 543 Τοῦρκοι,
989 494 1065 532 νῦν
1092 508 1152 540 τις
1179 493 1296 544 ὑμῶν
1323 495 1490 542 ἕκαστος
1518 494 1659 536 αὐτῶν

225 559 395 611 φανήτω
424 547 526 609 α’νὴρ
556 554 727 609 ἀγαθός,
761 554 947 607 ποταμὸν
985 552 1105 596 τόνδε
1136 558 1237 611 πεζῇ
1266 558 1439 609 διαβάς·
1496 557 1546 598 οιῗ
1578 556 1692 611 γάρὸ

186 621 392 674 Πμελήσει
437 618 550 676 ming}
579 619 661 661 τινί
701 618 847 674 πρώτῳ
881 618 1073 672 διαβάντι
1114 619 1171 673 μή
1203 623 1311 674 μέγα
1338 637 1377 661 τι
1405 622 1660 663 ἀποίσεσθαι

224 683 339 737 παρὰ
365 687 602 737 βασιλέως.”
632 684 765 724 ταῦτα
799 682 981 732 εἰπόντος
1011 686 1233 736 ἐπειρῶντο
1263 687 1492 737 διαβαίνειν
1518 683 1558 727 οἱ
1584 686 1660 726 τοῦ

222 752 440 801 βασιλέως.
497 749 682 790 ἐνταῦθα
715 746 765 799 δὴ
797 751 955 801 πρῶτος
989 751 1147 801 λέγεται
1174 746 1351 802 Ὀμάρης
1384 746 1405 790 ὁ
1439 746 1660 803 Τουραχά..

222 829 300 855 νεω
332 820 442 868 παῖς,
466 814 696 860 Θετταλίας
724 810 927 865 ὕπαρχος,
957 812 1035 854 σύν
1055 819 1140 860 τοῖς
1169 814 1276 869 ἀμφ’
1304 813 1434 855 αὐτὸν
1463 811 1659 855 ἐλαύνον-

223 895 288 927 τες
323 882 535 920 εἰσέπεσον
575 879 616 924 ἐς
660 878 731 918 τὸν
774 876 981 929 ποταμόν,
1017 879 1089 918 καί
1123 877 1265 931 βραχύ
1301 895 1339 920 τι
1369 875 1716 932 διανηχόμενοιιο

224 945 462 995 διέβαινον,
494 941 566 983 καί
593 942 614 981 ὁ
637 940 779 989 λοιπός
815 937 904 992 ἅμα
934 940 1112 996 στρατὸς
1141 942 1288 983 αὐτίκα
1318 944 1512 996 διέβαινε.
1567 944 1660 984 δια-

222 1007 369 1060 βάντες
397 1008 444 1047 δὲ
476 1002 628 1047 αὐτίκα
658 1007 892 1058 ἐπέδραμον
918 1004 1083 1060 χώραν,
1111 1004 1219 1048 (Sors
1249 1007 1321 1048 τὸν
1345 1008 1558 1062 Ἰλλυριῶν
1581 1011 1661 1061 βα-

226 1075 344 1114 σιλέα
377 1071 585 1123 δείσαντα,
607 1070 665 1124 μὴ
696 1069 738 1118 ές
771 1069 909 1126 φυγήν
934 1071 1185 1124 τραπόμενον
1205 1071 1510 1121 ἐπεισπεσόντες
1526 1071 1564 1114 οἱ
1593 1071 1660 1114 ἱπ-

223 1137 428 1190 ποδρόμοι
459 1136 736 1187 καταλάβωσι,
766 1137 837 1175 καί
864 1136 934 1176 ἐπί
959 1137 1146 1176 κίνδυνον
1173 1135 1366 1178 ἔλθωσιν.
1405 1139 1446 1179 εἰ
1470 1139 1517 1178 δὲ
1548 1138 1663 1193 αὐτῷ

223 1199 282 1254 μὴ
313 1201 509 1255 ληφθείη,
542 1199 752 1252 οἰχόμενος
773 1199 1032 1250 α’νασώζεται
1063 1201 1106 1247 ές
1131 1201 1250 1241 πόλιν
1276 1202 1408 1242 auito&
1434 1201 1538 1253 τινά,
1568 1197 1660 1243 ὅνο-
1675 1213 1717 1245 15

186 1271 286 1317 Ομα
317 1267 483 1319 Κλιτίη.
542 1265 795 1319 καταφυγών
824 1266 871 1306 δὲ
899 1268 1180 1318 πολιορκεῖται
1210 1263 1289 1306 vind
1319 1264 1660 1319 ΙΡΙαχουμούτεω.

225 1329 250 1384 ἢ
274 1331 321 1370 δὲ
349 1328 468 1378 πόλις
508 1331 680 1371 οἰκεῖται
707 1331 784 1382 μὲν
824 1330 869 1370 ὲν
894 1328 1037 1386 χωρίῳ
1067 1332 1150 1370 τινί
1174 1327 1335 1371 ελιόδει.
1369 1330 1441 1372 καί
1466 1332 1537 1387 ἕλη
1564 1336 1662 1385 παρ’

226 1392 357 1448 αὐτήν
384 1395 568 1448 μεγάλα,
598 1394 668 1434 διὰ
698 1396 851 1435 πολλοῦ
880 1395 1164 1446 διατείνοντα,
1193 1394 1352 1449 ἐχυρὰν
1380 1402 1497 1437 ποιεῖ
1516 1397 1588 1438 καί
1613 1393 1662 1437 οὗ

226 1458 418 1511 βάσιμον.
448 1456 542 1499 τότε
571 1460 617 1499 δὲ
647 1459 726 1499 ὑπὸ
757 1457 971 1511 καύματος
1003 1457 1333 1513 α’ποξηροόμενόν
1357 1474 1400 1501 τε
1426 1455 1477 1515 ἦν
1503 1460 1547 1502 τὸ
1577 1476 1664 1514 χω-

227 1523 317 1578 ρίον
348 1521 473 1565 ἅπαν.
541 1523 614 1564 καί
653 1522 858 1573 ἐπελάσας
904 1523 926 1563 ό
954 1524 1133 1576 στρατὸς
1172 1522 1403 1579 ἐπολιόρκει
1431 1525 1504 1579 τὴν
1531 1523 1719 1577 πόλιν,20

230 1592 302 1630 καί
327 1590 536 1642 κάλαμον,
579 1587 624 1637 ὃς
649 1584 835 1644 ἄφθονος
869 1584 918 1642 ἦν
958 1587 1071 1642 παρά
1101 1589 1176 1643 τὴν
1199 1588 1343 1642 πόλιν,
1379 1589 1662 1638 έπιπίπτοντες

232 1654 455 1709 διεφόρουν
495 1656 536 1701 ές
574 1654 648 1707 τὴν
677 1653 837 1708 τάφρον
864 1654 919 1702 αἱς
956 1655 1038 1707 πῦρ
1070 1651 1278 1707 ἐνήσοντες
1309 1656 1350 1703 ές
1379 1654 1452 1696 τὸν
1478 1654 1664 1708 κάλαμον

325 1756 378 1790 18.
405 1756 639 1792 διατείναντα
665 1757 687 1788 Ρ

229 1844 265 1877 id
295 1846 470 1884 transiret,
497 1857 567 1890 quo
584 1856 699 1878 secum
719 1845 854 1878 bellum
869 1850 1015 1889 gereret.
1044 1850 1085 1878 ut
1107 1850 1226 1878 autem
1249 1856 1326 1878 cum
1343 1845 1457 1890 copiis
1472 1844 1517 1878 ad
1531 1845 1661 1880 flumen

229 1891 470 1924 Machumetes
490 1892 645 1931 accessit,
660 1892 748 1924 mire
761 1891 974 1931 festinando,
992 1891 1169 1924 cohortari
1183 1895 1256 1924 non
1269 1891 1411 1925 abstitit
1422 1892 1614 1925 exercitum
1627 1899 1662 1926 et

228 1938 400 1970 exercitus
424 1938 542 1976 duces,
561 1943 599 1971 ut
613 1937 939 1981 transgrederentur
951 1938 1094 1978 flumen,
1122 1939 1267 1983 regique
1285 1949 1373 1982 opus
1388 1938 1660 1982 pulcherrimum

230 1984 430 2024 essicerent,
470 1985 652 2028 capientes
687 1984 855 2018 videlicet
890 1985 1089 2026 lllyriorum
1125 1995 1252 2027 regem.
1307 1985 1358 2016 sic
1378 1989 1494 2017 autem
1519 1984 1659 2018 locutus

228 2030 351 2062 fertur.
412 2031 500 2062 “viri
530 2031 659 2070 'l'urci,
695 2042 789 2063 nunc
814 2031 968 2075 quilibet
1000 2035 1156 2063 vestrum
1183 2031 1239 2062 fae
1273 2032 1325 2063 vir
1349 2031 1450 2063 fortis
1478 2037 1659 2075 appareat,

228 2081 336 2120 atque
362 2076 470 2120 pedes
496 2077 626 2108 flumen
654 2075 721 2108 hoc
748 2082 912 2109 transeat.
959 2078 1169 2121 neutiquam
1195 2077 1286 2109 enim
1323 2077 1410 2109 mihi
1435 2075 1582 2109 dubium
1605 2082 1660 2110 est

228 2123 315 2167 quin
343 2123 493 2154 maxima
521 2129 556 2155 et
579 2122 766 2165 splendida
792 2134 935 2154 munera
960 2128 1127 2155 maneant
1160 2134 1250 2162 euin,
1277 2133 1368 2167 quae
1387 2122 1438 2154 >ab
1465 2131 1545 2166 rege
1567 2124 1658 2155 acci-

225 2169 314 2213 piet,
340 2169 400 2213 qui
427 2169 557 2213 primus
591 2168 720 2200 flumen
746 2169 955 2213 superarit.’'
1010 2168 1063 2202 his
1089 2168 1207 2208 dictis,
1233 2170 1319 2212 regii
1347 2169 1477 2201 milites
1505 2170 1656 2201 maximo

224 2214 342 2247 studio
382 2215 602 2247 conabantur
647 2215 839 2258 transgredi
885 2215 1025 2248 flumen.
1074 2215 1124 2246 ibi
1159 2220 1234 2247 tum
1259 2215 1404 2260 primus,
1429 2220 1469 2247 ut
1492 2214 1657 2255 traditur,

225 2260 370 2293 Omares
395 2261 613 2293 'Furachanis
646 2261 762 2300 filius,
799 2261 1008 2293 Thessaliae
1040 2260 1262 2304 praefectus,
1291 2271 1370 2293 cum
1394 2261 1466 2293 suis
1491 2261 1594 2294 irruit
1618 2262 1655 2294 in

225 2307 381 2349 flumen3
406 2308 469 2351 qui
493 2307 675 2352 paululum
710 2306 815 2339 modo
844 2313 1007 2340 natantes
1042 2307 1172 2338 flumen
1197 2312 1418 2350 superarunt.
1466 2305 1530 2339 hos
1554 2318 1655 2339 secu-

226 2359 284 2386 tus
308 2358 371 2391 est.
397 2354 471 2398 pari
501 2364 662 2386 successu
687 2364 782 2391 usus,
809 2358 844 2393 et
869 2354 1025 2398 reliquus
1049 2354 1232 2385 exercitus.
1280 2353 1410 2397 egressi
1438 2351 1582 2385 flumine
1606 2353 1652 2385 il-

228 2399 298 2432 lico
318 2401 475 2432 invasere
500 2411 611 2443 agros.
661 2399 742 2432 hinc
767 2410 826 2431 rex
839 2399 1057 2441 Illyricorum
1082 2399 1210 2431 timens
1235 2410 1293 2440 ue,
1320 2399 1348 2431 si
1373 2400 1410 2432 in
1434 2399 1551 2442 sugam
1575 2410 1654 2432 ver-

226 2450 378 2486 teretur,
417 2446 576 2491 equitum
605 2445 758 2478 adventu
797 2456 984 2489 oppressus
1011 2446 1047 2477 in
1078 2446 1264 2477 maximum
1290 2445 1480 2490 periculum
1504 2445 1654 2485 veniret,

224 2502 261 2524 se
288 2492 432 2536 recepit,
457 2497 496 2525 ut
521 2493 706 2524 incolumis
734 2502 897 2536 praesens
923 2491 1107 2524 discrimen
1133 2491 1312 2532 evaderet,
1338 2492 1375 2524 in
1393 2491 1513 2524 urbem
1539 2503 1654 2535 quan-

226 2538 303 2570 dam
331 2550 372 2570 eo
399 2539 467 2570 loci
494 2539 596 2570 sitam
624 2539 769 2570 nomine
789 2538 941 2571 Glitiam.
990 2548 1110 2569 verum
1131 2537 1368 2570 Machumetes
1393 2549 1470 2570 cum
1497 2539 1653 2570 exercitu

226 2587 477 2628 superveniens
503 2596 576 2617 eain
603 2585 723 2616 urbem
753 2583 939 2616 obsidione
975 2583 1217 2615 circumdedit.
1266 2583 1362 2616 urbis
1387 2584 1460 2616 eius
1487 2584 1575 2616 situs
1603 2589 1656 2616 est

225 2631 262 2662 in
306 2631 382 2662 loco
419 2631 596 2675 palustri,
637 2637 672 2663 et
704 2632 740 2663 in
777 2631 922 2662 circuitu
962 2630 1110 2673 paludes
1157 2631 1319 2662 visuntur
1353 2631 1457 2673 longe
1495 2630 1651 2674 lateque,

226 2687 315 2720 quae
344 2677 463 2709 urbem
500 2678 668 2710 munitam
708 2682 743 2709 et
771 2676 868 2709 aditu
910 2676 1087 2708 difficilem
1124 2676 1303 2720 praebent.
1353 2687 1396 2709 eo
1417 2683 1573 2720 tempore
1601 2676 1654 2707 lo-

225 2734 284 2755 cus
311 2723 372 2755 illc
403 2725 581 2756 universus
618 2723 792 2756 solaribus
830 2723 934 2755 radiis
967 2728 1110 2756 exustus
1141 2726 1335 2755 exaruerat.
1394 2728 1567 2756 caeterum
1598 2721 1653 2754 his
