1748 3210
194 185 214 224 1
225 183 286 226 58
502 182 720 223 LAONlCl
760 181 1270 224 CHALCOCONDYLAE

194 285 264 323 καί
290 283 518 336 λειφθῆναι
560 282 631 322 τοῦ
664 277 848 333 δρόμου,
889 275 996 320 ὥστε
1029 279 1125 327 τούς
1166 283 1420 334 στρατιώτας
1452 282 1619 338 Τεμῆρη

148 349 411 396 Οσυλλαβεῖν
439 361 484 386 τε
515 343 778 399 Παιαζήτην,
809 347 880 385 καί
902 345 1071 396 α’γαγεΐν
1100 344 1215 398 παρὰ
1243 349 1416 398 βασιλέα
1434 340 1621 403 Τεμήρη.

293 410 504 461 Ἑάλωσαν
539 410 617 461 μὲν
660 405 735 449 οὖν
779 407 824 449 ἐν
866 408 998 464 ταύτῃ
1035 410 1084 464 τῇ
1110 409 1228 465 μάχῃ
1269 413 1340 452 καί
1365 413 1528 466 11100σῆ4·
1555 414 1628 454 κατ’

189 477 338 523 πάντες
369 473 517 526 σχεδὸν
547 473 585 515 οἱ
613 477 687 515 τοῦ
717 471 970 525 Παιαζήτεω
1001 467 1227 528 ἄρχοντες,
1257 475 1305 515 οὐ
1331 475 1415 528 μην
1439 475 1625 529 χαλεπὸν

189 540 347 581 ἔπαθον
377 538 541 592 ὁτιοῦν,
582 537 688 592 πλην
728 541 808 579 τῶν
849 537 1039 589 ἱματίων.
1095 539 1266 592 καὶγὰρ
1296 541 1458 594 Μωσῆς
1489 540 1657 586 ἑδόκειὸ

187 620 231 644 τε
259 605 342 644 τῶν
369 597 504 644 ἄλλων
546 603 766 656 κράτιστος
793 605 1026 655 γεγονέναι·
1090 607 1160 644 καί
1191 604 1259 646 διά
1289 606 1407 646 τοῦτο
1435 607 1625 660 περιῆγεν

189 667 299 721 ἔχων
327 667 371 708 έν
399 669 453 723 τῷ
483 669 748 724 στρατοπέδῳ
785 668 857 707 καί
883 669 1046 708 δίαιταν
1081 669 1385 722 παρεχόμενος.
1441 667 1550 711 ἑάλω
1579 672 1626 711 δὲ

191 733 315 785 καὶἦ
356 732 458 786 γυνὴ
505 735 582 773 τοῦ
609 735 868 784 Παιαζη’τεω
917 733 962 772 ἐν
1005 732 1206 788 Προύσῃ·
1266 733 1322 782 ὥς
1361 732 1443 787 γὰρ
1479 733 1554 789 τήν
1579 750 1626 776 τε

82 807 180 842 V.66
194 799 400 851 Προῦσαν
427 798 674 850 ἐπέδραμον,
701 796 770 837 καί
796 794 870 844 τὰς
889 799 1232 849 γυναικωνίτιδας
1252 798 1487 851 ἀφείλοντο.
1520 799 1627 852 πρὸς

193 864 239 904 δὲ
269 865 341 902 καί
383 862 453 916 τὴν
489 861 732 914 Ἐλεαζάρου
776 861 1010 914 θυγατέρα,
1050 863 1303 915 Παιαζήτεω
1348 865 1395 904 δὲ
1435 869 1624 917 γυναῖκα,
1639 880 1682 913 10

193 925 358 974 ἁλόντες
406 926 616 980 ἀπήγαγον
665 924 776 978 παρὰ
824 927 1016 977 βασιλέα.
1076 925 1419 981 Μουσουλμάνης
1448 931 1525 980 μὲν
1553 923 1627 970 οὖν

194 994 265 1033 καί
289 993 446 1045 Ἰησοῦς
475 993 546 1031 καί
564 993 790 1043 Μεχμέτης
821 990 889 1030 καί
917 989 955 1031 οἱ
984 993 1120 1032 λοιποί
1148 994 1231 1032 τῶν
1245 994 1503 1045 Παιαζήτεω
1530 995 1628 1034 παί-

153 1059 280 1099 Βδων
310 1058 661 1110 κατελείφθησαν,
705 1057 776 1096 καί
817 1056 854 1096 οἱ
880 1056 957 1107 μὲν
984 1058 1027 1096 ἐν
1067 1058 1116 1111 τῇ
1145 1055 1327 1112 Εὐρώπῃ
1361 1057 1398 1098 οἱ
1428 1059 1474 1098 δὲ
1503 1059 1547 1098 ὲν
1575 1058 1628 1112 τῇ

195 1121 312 1177 Ἀσίᾳ
339 1116 451 1168 ὄντες
483 1119 744 1173 διεσώζοντο,
779 1116 870 1161 ὅποι
900 1117 1056 1176 ἑκάστῳ
1084 1119 1337 1174 προυχώρει.

310 1188 376 1241 Τῷ
403 1188 545 1237 μέντοι
580 1186 827 1241 Παιαζὴτῃ,
855 1183 911 1231 ὥς
939 1179 1050 1238 ἤχθη
1094 1187 1277 1227 ἐναντίον
1305 1188 1532 1240 βασιλέως,
1561 1188 1626 1229 λέ·
1643 1195 1684 1229 15

195 1266 310 1304 γεται
340 1253 470 1291 εἰπεῖν
501 1249 615 1305 αύτῷ
644 1248 800 1290 τοιάδε.
858 1244 919 1290 “ai
946 1248 1212 1302 κακόδαιμον,
1240 1253 1285 1292 τί
1313 1253 1359 1292 δὲ
1385 1249 1494 1292 οὕτω
1520 1251 1629 1292 πάνυ

194 1315 266 1356 τὸν
295 1316 454 1356 σαυτοῦ
483 1316 662 1366 δαίμονα
691 1315 862 1366 ἐβιάσω,
892 1315 1222 1367 προκαλούμενος
1249 1315 1359 1368 ἡμᾶς
1379 1318 1450 1358 ἐπί
1475 1316 1630 1370 wilm,-

197 1376 226 1433 ἦ
257 1382 331 1420 ουίι
362 1379 522 1420 ἐπύθου
564 1378 619 1426 ὥς
647 1382 704 1435 τῷ
733 1380 818 1436 ἐμῷ
847 1380 951 1435 τῷδε
980 1379 1264 1434 στρατεύματι
1293 1381 1504 1434 δυστήνων
1531 1387 1632 1423 παῖ’-

196 1447 264 1494 δες
302 1441 553 1499 ἀντέστησαν
567 1449 606 1495 ,·’'
638 1443 887 1499 Παιαζήτης
931 1446 977 1486 δὲ
1014 1444 1237 1497 ὑπολαβών
1266 1446 1481 1499 α’μειζθετο,
1522 1440 1630 1502 ᾗδὴ

198 1514 385 1564 λέγεται,
430 1509 486 1557 ὥς
515 1510 590 1549 οὐκ
620 1505 672 1550 ἂν
710 1508 760 1563 δὴ
795 1510 836 1557 ἐς
873 1512 990 1551 τοῦτο
1035 1509 1165 1564 τύχης
1194 1510 1448 1566 α’φικοίμην,
1490 1507 1542 1552 ἂν
1571 1510 1628 1565 μὴ
1643 1522 1688 1556 20

197 1576 312 1631 αὐτῷ
339 1576 559 1627 παρείχετο
577 1573 801 1627 πράγματα
818 1576 980 1625 ἐκεῖνος,
1008 1574 1059 1615 τά
1080 1590 1124 1615 τε
1153 1571 1260 1616 ἄλλα
1289 1575 1360 1616 καὶ
1387 1574 1469 1616 α’πὸ
1499 1577 1633 1617 ἐθνῶν

197 1641 254 1696 τῷ
283 1641 484 1694 Μεχμέτῃ
514 1641 571 1694 τῷ
597 1637 699 1692 ἥρωι
730 1641 934 1690 πολεμίων
972 1639 1090 1690 θαμὰ
1119 1641 1464 1692 ἀνακαλούμενος.
1518 1640 1634 1682 “a'm:

291 1755 547 1835 ,il-igkdlgtreg?
622 1755 675 1788 13.
699 1755 1002 1802 κατειλήφθησαν
1028 1756 1051 1790 Ρ
1145 1757 1199 1790 17.
1225 1757 1355 1802 ἐβιάζω
1379 1758 1403 1806 P
1475 1757 1534 1791 22.
1560 1769 1630 1793 πο·

312 1812 356 1848 εμ
375 1814 402 1847 ῳ

1527 1838 1545 1845 ρ

201 1907 254 1940 hil
278 1906 323 1939 de
365 1918 483 1940 cursus
513 1907 724 1951 pernicitate
759 1909 912 1949 remisit,
951 1908 1040 1941 adeo
1065 1912 1106 1940 ut
1140 1908 1272 1942 milites
1301 1909 1454 1942 'remitis
1477 1909 1630 1942 Paiazite

202 1954 413 1998 potirentur,
437 1958 649 1998 captumque
678 1953 723 1985 ad
750 1965 848 1987 suum
878 1965 993 1997 regem
1018 1954 1213 1987 traherent.

293 2000 334 2032 In
358 1999 425 2031 hoc
451 1999 587 2043 praelio
612 2004 735 2043 captus
764 2005 818 2032 est
840 2001 974 2041 Moses3
1013 2001 1107 2044 capti
1133 2006 1215 2033 sunt
1239 1999 1368 2044 reliqui
1395 2010 1487 2044 pene
1510 2010 1632 2032 omnes

202 2045 361 2078 Paiazitis
387 2044 505 2078 duces.
565 2057 632 2077 nec
657 2050 772 2078 tamen
801 2047 989 2090 quicquam
1017 2047 1164 2091 periculi
1192 2047 1283 2089 passi
1309 2052 1391 2078 sunt
1407 2070 1416 2084 ,
1442 2045 1509 2078 nisi
1535 2044 1632 2090 quod

202 2091 360 2124 vestibus
383 2097 466 2124 sunt
491 2091 645 2136 spoliati.
710 2092 840 2124 etenim
865 2093 981 2124 Moses
1014 2092 1202 2124 videbatur
1227 2092 1371 2135 reliquis
1397 2091 1633 2136 praestantior

203 2137 350 2170 robore:
386 2137 536 2182 proinde
562 2148 640 2169 eum
671 2137 946 2170 circumductum
983 2149 1099 2170 secum
1124 2139 1161 2171 in
1192 2138 1311 2170 castris
1337 2137 1474 2176 habuit,
1500 2138 1629 2170 victum

202 2184 415 2216 ministrans.
467 2184 626 2216 Paiazitis
659 2194 747 2215 uxor
770 2184 807 2216 in
835 2185 987 2217 hostium
1025 2195 1148 2216 manus
1173 2184 1270 2216 venit
1295 2185 1444 2216 Prusae:
1464 2193 1546 2216 nam
1570 2183 1629 2215 in-

202 2231 400 2262 cursionem
438 2230 542 2262 etiam
575 2230 613 2262 in
640 2230 777 2262 prusam
819 2230 1002 2268 fecerunt.
1027 2235 1063 2262 et
1081 2240 1292 2273 gynaeceum
1318 2229 1401 2262 inde
1427 2233 1629 2273 rapuerunt.

201 2276 358 2308 Eleazari
395 2276 525 2315 filiam,
562 2276 723 2308 Paiazitis
748 2287 915 2316 uxorem,
947 2276 1122 2320 rapientes
1157 2275 1382 2308 abduxerunt
1419 2275 1464 2307 ad
1501 2285 1629 2318 regem.

202 2323 467 2362 Mulsumnnes,
494 2323 611 2363 lesus,
635 2321 851 2354 Mechmetes
893 2327 930 2355 et
967 2322 1096 2366 reliqui
1125 2322 1286 2354 Paiazitis
1312 2322 1378 2354 filii
1414 2322 1451 2354 in
1475 2321 1630 2354 hostium

203 2373 419 2411 potestatem
442 2379 579 2402 venere.
629 2368 691 2412 qui
717 2369 754 2400 in
780 2368 916 2413 Europa
949 2372 985 2400 et
1009 2368 1089 2400 Asia
1115 2373 1235 2408 erant,
1262 2373 1300 2400 ut
1324 2372 1492 2412 poterant
1512 2367 1633 2401 salva-

204 2414 347 2446 bantur.

299 2460 498 2499 Paiazitem,
526 2470 603 2491 cum
627 2458 800 2492 adductus
826 2464 919 2492 esset
943 2459 981 2491 in
1007 2464 1231 2504 conspectum
1260 2459 1372 2502 regis,
1399 2460 1450 2498 sic
1475 2458 1632 2492 Temires

207 2506 384 2538 allocutus
405 2511 469 2538 est.
517 2510 562 2538 “o
591 2506 741 2545 infelix,
777 2504 866 2550 quid
892 2504 980 2537 adeo
1017 2506 1147 2538 malum
1185 2510 1282 2537 tuum
1308 2505 1454 2548 coegisti
1481 2505 1634 2547 genium,

209 2556 248 2584 ut
273 2563 336 2584 nos
361 2553 457 2585 bello
482 2551 698 2584 lacesseres?
746 2562 790 2582 an
813 2563 883 2583 non
912 2551 1075 2584 audivisti
1100 2551 1199 2596 quod
1224 2562 1303 2584 meo
1330 2550 1499 2583 exercitui
1525 2551 1631 2583 mise·

209 2607 324 2629 rorum
349 2599 414 2630 filii
452 2597 664 2630 resistunt?’'
713 2597 882 2630 Paiazites
914 2597 1130 2641 respondens
1155 2598 1271 2642 inquit
1312 2603 1559 2642 “nequaquam
1587 2595 1634 2627 ad

208 2649 340 2676 tantam
373 2644 617 2677 infelicitatem
642 2643 830 2683 venissem,
871 2644 906 2676 ni
951 2649 987 2676 tu
1012 2643 1097 2675 mihi
1133 2644 1274 2686 negotia
1305 2643 1471 2682 fecisses,
1496 2646 1633 2674 caetera

208 2701 351 2734 quoque
385 2695 592 2734 provocatus
630 2701 649 2722 a
675 2689 838 2733 gentibus
871 2689 970 2722 heroi
1004 2695 1124 2723 nostro
1163 2690 1334 2723 infestis.¹'
1388 2687 1550 2724 “verum’'
1584 2687 1634 2721 ait
