1884 3178
505 201 576 241 DE
617 200 789 241 REBUS
829 197 1088 241 TURCIOES
1124 199 1172 239 L.
1201 200 1255 239 ΙΙ.
1532 191 1595 237 99

135 298 534 353 ἅνδραποδὼασθαι
559 297 681 340 πόλιν
709 300 925 354 περιφανῆ
949 312 992 339 τε
1019 299 1093 339 καί
1118 298 1318 342 παλαιάν.
1348 294 1598 350 ἀνδράποδα

139 368 186 408 δὲ
213 369 374 420 λέγεται
401 366 600 419 γενέσθαι
623 367 822 407 ἐντεῦθεν
840 371 924 414 τοῖς
947 364 1149 419 Τούρκοις
1167 364 1225 412 ὥς
1253 359 1501 417 τρισμύρια.
1527 379 1600 404 κα-
1616 368 1714 403 v.41

138 435 319 474 τοικίσαι
335 434 416 484 μὲν
443 429 617 479 τούτους
634 432 797 485 λέγεται
817 429 1020 483 βασιλεύς
1049 433 1091 478 ἐς
1120 429 1196 484 τὴν
1220 429 1385 473 Ἀσίαν·
1418 428 1495 469 ουίι
1515 426 1602 482 ἔχω

140 499 188 540 δὲ
209 497 334 540 τοῦτο
363 499 663 550 συμβαλέσθαι
693 494 751 546 ὥς
779 495 845 552 εἴη
872 497 1044 552 α’ληθές,
1073 496 1124 536 οὕ
1159 495 1388 549 δυνάμενος
1419 496 1604 549 ἐξευρεῖν

106 565 512 620 ὀδιαπυνθανομὲνῳ
541 560 635 605 ὅποι
652 565 726 619 τῆς
752 563 898 613 Ἀσίας
930 557 1047 605 οὗτοι
1063 561 1324 619 κατῴκηνται
1343 560 1425 603 ὑπὸ
1457 564 1605 603 Παια-

140 630 277 685 ζήτεω
302 632 525 682 βασιλέως.

279 696 504 751 Ἰαγούπης
533 697 612 749 μὲν
643 689 720 737 οὖν
748 693 806 743 ὥς
836 693 883 736 τὸ
910 690 1069 748 ’Ἀργος
1099 694 1467 750 ἠνδραποδίσατο,
1495 693 1607 749 ἀπή..

139 778 242 816 γαγε
269 761 342 805 τὸν
369 761 574 818 στρατόν·
638 762 746 815 μετὰ
785 763 832 804 δὲ
858 762 995 803 ταῦτα
1034 762 1248 816 Βρενέζης
1275 776 1321 802 τε
1352 760 1506 802 αὐτίκα
1539 760 1714 803 ὲπίΡ.52

139 832 248 882 μέγα
289 829 441 883 ἐχώρει
470 827 718 881 δυνάμεως,
749 824 984 880 ’ἐμβάλλων
1023 842 1068 868 τε
1106 827 1150 876 ἐς
1177 826 1252 881 τὴν
1284 827 1609 882 Πελοπόννησον

87 903 131 938 10
143 897 214 937 καί
239 897 282 945 ἐς
310 894 387 950 τὴν
414 893 620 949 παράλιον
644 895 918 936 Μακεδονίαν
948 894 1021 935 ε’πὶ
1047 892 1148 942 τούς
1174 891 1415 946 Ἀλβανούς,
1443 893 1608 948 μεγάλα

141 961 214 1002 καὶ
255 960 440 1016 ἐπίσημα
479 959 582 1014 ἔργα
621 958 972 1013 ἀποδεικνύμενος
1019 963 1077 1015 τῷ
1127 961 1206 1001 τοῦ
1239 961 1450 1013 βασιλέως
1498 958 1609 1016 οἴκῳ,

140 1025 368 1081 στρατηγὸς
410 1030 488 1079 μὲν
539 1027 678 1068 ου’κέτι
717 1025 993 1079 ἀποδειχθείς
1036 1026 1115 1067 ὑπὸ
1163 1028 1397 1080 βασιλέως,
1438 1028 1520 1068 τῶν
1563 1028 1610 1067 δὲ

148 1097 344 1148 Τούρκων
372 1088 586 1146 ἑπομένων
611 1093 750 1150 αὐτῷ,
796 1089 892 1133 ὅποι
927 1089 979 1134 ἂν
1023 1094 1224 1148 ἐξηγοῖτο,
1269 1092 1327 1142 ὥς
1363 1095 1540 1146 εὐτυχεῖ
1563 1108 1608 1133 τε

141 1162 346 1216 γενομένῳ
391 1157 442 1201 τὰ
489 1161 532 1207 ἐς
566 1157 749 1212 πόλεμον
787 1161 860 1199 καί
900 1160 1162 1210 πλουτίζοντι
1206 1158 1259 1200 τοὶ
1293 1160 1606 1212 στρατεύματα,

89 1235 131 1270 15
146 1220 241 1265 ὅποι
274 1222 328 1266 ἂν
356 1225 466 1267 ἐπίοι
497 1225 840 1280 στρατευόμενος.
899 1225 997 1274 τοὺς
1027 1225 1108 1279 γάρ
1141 1224 1192 1280 da}
1215 1223 1502 1279 ἱπποδρόμους
1530 1241 1611 1266 κα-

144 1293 372 1342 λουμένους
412 1293 488 1332 τοῦ
514 1294 659 1346 γένους
691 1294 816 1333 τοῦδε
837 1325 848 1345 ,
875 1290 980 1346 μήτε
1009 1290 1167 1344 μισθὸν
1191 1289 1296 1346 μήτε
1324 1293 1459 1346 ἀρχὴν
1491 1290 1611 1345 ἔχον-

143 1371 219 1405 τας
249 1355 332 1397 ὑπὸ
362 1359 437 1399 τοῦ
466 1361 688 1410 βασιλέως,
721 1357 792 1400 ἐπὶ
818 1355 1055 1411 διαρπαγήν
1085 1373 1129 1399 τε
1161 1358 1232 1399 καί
1260 1360 1377 1399 λείαν
1406 1358 1477 1399 αἐἱ
1509 1361 1611 1400 διω-

144 1424 296 1472 θέντας
326 1424 506 1466 ἕπεσθαι
549 1420 642 1464 ὅποι
672 1420 724 1464 ἄν
753 1442 813 1474 τις
860 1423 1057 1478 ἐξηγῆται
1092 1423 1236 1472 αὐτοῖς
1261 1422 1334 1466 ἐπί
1359 1423 1460 1473 τούς
1489 1429 1645 1467 πολε-Β

142 1491 290 1543 μίους,
337 1490 491 1531 αὐτίκα
537 1490 713 1531 ἕκαστον
751 1489 981 1532 ἱππεύοντα
1030 1506 1072 1531 τε
1113 1492 1185 1531 καί
1224 1492 1367 1544 ἕτερον
1406 1490 1611 1545 ἀγόμενον

85 1556 269 1597 wranov
297 1553 338 1604 ἐς
369 1554 413 1597 τὸ
446 1554 711 1611 ἱππόδρομον
739 1559 811 1610 τῆς
839 1560 966 1609 λείας,
994 1555 1087 1598 ἐπεί
1113 1558 1159 1598 δὲ
1189 1555 1233 1599 ὲν
1259 1559 1310 1614 τῇ
1337 1560 1515 1614 πολεμίᾳ
1541 1559 1610 1611 γε’-

141 1637 307 1674 νωνται,
336 1623 535 1678 σύνθημα
575 1622 860 1677 λαμβάνοντες
888 1623 968 1664 ὑπὸ
999 1625 1076 1664 τοῦ
1106 1626 1356 1678 στρατηγοῦ,
1381 1623 1609 1676 ἀναβάντες

143 1685 218 1738 οὒς
243 1686 516 1743 περιάγουσιν
541 1690 722 1741 ἵππους,
750 1693 844 1731 θεῖν
873 1688 953 1731 α’νοὶ
984 1687 1160 1744 κράτος,
1206 1692 1338 1745 μηδέν
1366 1707 1403 1732 τι
1437 1693 1607 1744 ἐπέχον·

234 1800 267 1834 2.
293 1802 514 1844 κατοικῆσαι
540 1803 564 1836 Ρ
699 1804 734 1836 5.
765 1803 1122 1850 διαπυνθανόμενος
1148 1804 1178 1837 H
1315 1803 1349 1837 9.
1381 1802 1604 1851 συμβάλλων

235 1849 278 1882 P:
307 1860 386 1882 corr
411 1849 441 1882 H
571 1850 624 1883 15.
651 1851 734 1893 ἐπίῃ
764 1851 788 1883 Ρ
908 1851 963 1884 17.
995 1850 1202 1891 strasburg?

141 1966 213 1995 stes
239 1962 390 2007 sumptis
413 1963 542 1996 animis
565 1975 685 1997 muros
722 1970 950 2010 superarunt,
978 1964 1178 2010 urbemque
1209 1965 1308 1998 illam
1335 1965 1447 2009 gloria
1475 1969 1512 1998 et
1535 1976 1602 1998 ve-

142 2013 276 2042 tustate
317 2015 558 2054 praestantem
592 2012 627 2044 vi
666 2022 885 2057 occupavere
911 2013 1131 2058 penitusque
1166 2011 1359 2057 diripuere.
1410 2011 1496 2045 inde
1521 2013 1600 2046 col-

142 2056 308 2100 legerunt
341 2057 450 2090 Turci
487 2058 747 2103 mancipiorum
781 2065 852 2092 tres
882 2059 1080 2103 myriades5
1117 2071 1211 2105 quae
1254 2060 1374 2092 omnia
1413 2060 1451 2092 in
1480 2061 1599 2093 Asiam

138 2101 386 2148 deportarunt,
411 2104 537 2150 ibique
564 2104 728 2139 habitare
754 2107 947 2140 iusserunt.
1007 2119 1074 2140 nec
1098 2113 1219 2141 tamen
1244 2108 1348 2152 potui
1370 2107 1535 2140 invenire
1559 2114 1600 2141 ut

137 2149 277 2183 credam
301 2150 338 2184 id
376 2162 501 2185 verum
538 2163 636 2195 esse3
666 2165 732 2187 nec
768 2159 954 2198 praeterea
981 2165 1196 2198 cognoscere
1221 2155 1347 2200 potui,
1376 2154 1458 2200 quis
1483 2155 1596 2195 iocus,

138 2202 179 2231 ut
202 2208 282 2230 eum
310 2198 523 2239 incolerent,
552 2200 638 2245 ipsis
668 2200 705 2234 in
731 2201 814 2234 Asia
852 2213 870 2233 a
901 2213 981 2245 rege
1009 2203 1163 2236 Paiazite
1191 2202 1367 2247 ascriptus
1395 2202 1453 2234 sit.

231 2245 382 2290 Iagupes
410 2245 550 2292 direpta
568 2248 673 2292 Argo,
699 2247 787 2281 urbe
812 2249 1077 2295 antiquissima,
1102 2251 1298 2283 exercitum
1326 2247 1479 2281 abduxit
1498 2248 1596 2282 inde.

138 2296 262 2336 postea
300 2293 406 2326 etiam
430 2295 602 2328 Brenezes
625 2295 724 2328 brevi
754 2307 918 2340 magnam
946 2297 1149 2341 potentiam
1177 2303 1302 2330 nactus
1340 2301 1406 2336 est,
1435 2306 1514 2328 cum
1539 2297 1596 2329 in-

137 2343 266 2372 trasset
293 2339 424 2374 infesto
450 2342 590 2386 agmine
616 2343 903 2388 Peloponnesum
929 2349 966 2377 et
990 2345 1203 2378 maritimam
1218 2343 1480 2383 Macedoniam,
1506 2354 1595 2377 con-

137 2390 197 2418 tra
219 2385 375 2420 Albanos
413 2387 555 2422 fortiter
588 2389 773 2424 dimicans.
830 2402 897 2424 nec
930 2391 1082 2436 amplius
1114 2392 1250 2424 electus
1287 2396 1340 2424 est
1378 2389 1450 2422 dux
1475 2392 1594 2435 regiae

137 2430 285 2483 (Ιοιιιιιιιε1
303 2445 422 2467 verum
451 2436 559 2470 Turci
590 2448 670 2470 eum
699 2437 946 2482 sequebantur
974 2439 1250 2484 promptissime,
1287 2448 1504 2484 quocunque
1531 2449 1594 2471 ex-

135 2479 283 2513 ercitum
309 2480 492 2524 duxisset,
530 2484 615 2529 quia
643 2483 778 2530 ubique
813 2485 910 2519 felici
946 2497 1061 2519 rerum
1094 2486 1263 2519 utebatur
1287 2495 1464 2523 successu,
1492 2497 1594 2518 exer·

135 2526 300 2572 citusque
326 2527 479 2571 ditabat,
503 2542 720 2578 quocunque
748 2532 939 2566 militatum
965 2533 1126 2566 abiisset.
1179 2533 1320 2578 equites
1345 2531 1439 2564 enim
1455 2531 1593 2566 Turno·

137 2583 215 2606 rum
239 2574 408 2620 quidam,
447 2578 508 2623 qui
532 2579 678 2624 proprio
705 2580 851 2614 nomine
877 2585 1072 2620 notantur,
1102 2591 1168 2613 nec
1194 2579 1390 2613 mercedem
1419 2589 1487 2612 nec
1516 2592 1593 2613 ma-

135 2620 303 2664 gistratus
336 2621 508 2658 honorem
546 2636 565 2657 a
608 2637 688 2671 rege
724 2627 925 2672 accipiunt:
962 2639 1101 2673 semper
1134 2632 1346 2673 sequuntur,
1372 2637 1592 2674 quocunque

134 2667 196 2712 qui
221 2678 284 2701 eos
309 2668 470 2704 eduxerit
488 2697 497 2712 ‚
522 2674 684 2707 conversi
710 2674 755 2707 ad
781 2674 948 2719 praedam
988 2681 1023 2708 et
1052 2674 1167 2719 spolia
1193 2673 1410 2719 diripienda.
1461 2673 1591 2708 horum

134 2714 264 2758 singuli
290 2715 394 2750 binos
419 2729 530 2764 equos
556 2719 706 2754 habent:
738 2723 798 2754 uni
827 2722 996 2759 insident,
1029 2723 1182 2755 alteru-m
1212 2720 1449 2755 desultorium
1474 2721 1589 2755 abdu-

135 2766 220 2795 cunt
247 2774 378 2805 secum,
402 2766 502 2800 cuius
529 2778 636 2812 opera
664 2769 701 2802 in
732 2769 873 2813 praedis
907 2769 1054 2814 agendis
1085 2775 1244 2801 utuntur.
1297 2769 1443 2814 quando
1469 2775 1588 2803 autem
