1774 3204
214 202 242 243 2
251 205 270 244 1
282 201 310 244 6
546 205 761 246 LAONlCl
805 206 1310 250 CHALCOCONDYLAE

164 298 515 352 ὓποιησάμενος,
566 301 669 354 πρός
711 317 755 342 τε
808 302 906 350 τούς
949 303 1170 352 Ουένετούς
1218 304 1399 353 σπονδάς
1441 321 1483 347 τε
1525 321 1641 360 ποιη·

210 364 384 413 σοι’μενος
435 365 613 416 ἡσυχίαν
658 361 739 419 ἦγε.
813 369 886 407 καί
926 368 1145 408 Γαλεώτου
1189 367 1262 409 τὸν
1310 370 1466 425 πἀἴδα,
1512 371 1641 424 Αἰγί-

210 443 279 480 νης
310 430 354 468 δὲ
385 424 577 480 ἄρχοντα,
608 431 836 484 ἐπιτήδειον
865 432 971 484 ἔχων
989 466 999 484 ,
1028 435 1127 484 παρ’
1157 432 1284 473 αὐτὸν
1313 437 1519 487 φοιτῶντα
1547 437 1640 476 ἑθε-

208 492 387 543 ράπευε,
429 496 502 533 καί
535 498 762 549 σωφρονῶν
814 497 883 536 ε’πί
920 495 1024 537 πολὺ
1068 497 1116 549 δη
1158 499 1233 538 τοῦ
1264 496 1414 550 χρόνου
1441 500 1641 551 διεγένετο

205 557 494 611 εὐδαιμονῶν,
539 561 620 599 α’πό
650 576 692 600 τε
725 563 799 614 τῆς
830 560 930 601 κατὰ
969 561 1042 613 τὴν
1082 561 1215 614 ἀρχὴν
1257 562 1486 614 οἰκονομίας
1515 566 1673 607 πλοῦ-5

206 634 276 660 τον
315 619 449 677 ἑαυτῷ
484 623 824 677 περιποιούμενος
871 625 942 666 κατ’
976 625 1047 679 την
1077 626 1194 666 πόλιν
1230 624 1285 673 ὥς
1331 623 1417 668 οἷόν
1444 642 1490 667 τε
1514 626 1638 679 μάλι-

207 700 287 725 στα
317 689 495 736 κοσμῶν.

321 756 487 796 Τούτων
515 758 591 808 μὲν
625 753 700 798 οὖν
729 761 823 811 πέρι
852 757 894 807 ἐς
922 762 1117 800 τοσοῦτον
1145 759 1502 814 ἑπιμνησάμενος,
1533 761 1639 801 ε’ποὶ-

205 835 315 872 νειμι
343 819 393 874 δη
425 821 495 862 ἐπὶ
525 822 741 875 Θεόδωρον
785 822 854 864 τὸν
879 826 1083 876 βασιλέως
1115 826 1260 875 παῖδα,
1287 825 1467 878 ἡγεμόνα
1497 823 1638 877 Σπάρ-

205 900 277 938 της
305 901 347 925 τε
369 887 441 926 καί
484 881 610 940 ἄλλης
637 887 984 941 Πελοποννήσου,
1022 886 1067 935 ὃς
1094 886 1172 929 ὗπό
1203 889 1421 943 Θεοδώρου
1450 889 1524 930 τοῦ
1555 905 1637 929 πα-
1653 899 1695 932 10

75 957 107 988 Ρ.
129 955 192 988 115
206 953 342 1006 τρῳοῦ
368 952 606 1006 ἐξετρέφετο
643 949 732 1004 ἅμα
762 955 832 993 καί
859 952 1112 1007 ἐπαιδεύθη,
1151 952 1254 1004 μετὰ
1289 955 1334 994 δὲ
1359 956 1491 994 ταῦτα
1519 969 1638 994 κατε-

204 1017 360 1069 λείφθη
389 1018 432 1063 ἐς
459 1015 534 1069 την
559 1015 695 1069 α’ρχην
724 1017 858 1058 miro&
887 1018 1063 1070 ἡγεμών.
1119 1019 1160 1065 ἐς
1189 1020 1334 1059 τοῦτον
1363 1019 1407 1058 δὲ
1438 1016 1638 1072 α’φικόμε-

203 1094 270 1127 νος
299 1078 318 1120 ὁ
347 1080 478 1133 πατὴρ
514 1082 646 1121 αὐτοῦ
671 1081 931 1134 Ἐμμανουήλ
961 1081 980 1122 ὃ
1011 1083 1243 1132 Βυζαντίου
1271 1081 1470 1133 βασιλεύς
1499 1081 1567 1123 τόν
1595 1098 1638 1123 τε

203 1145 335 1185 παῖδα
363 1147 539 1199 καθίστη
568 1147 610 1192 ἐς
634 1145 709 1198 την
737 1142 871 1199 ἀρχὴν
898 1144 1172 1200 βεβαιότερον,
1200 1148 1269 1187 καί
1295 1145 1365 1187 ἐπί
1390 1147 1446 1202 τῷ
1474 1147 1640 1201 ἀδελφῷ

203 1205 283 1265 ἤδη
311 1209 614 1264 τετελευτηκότι
651 1208 769 1262 λόγον
817 1210 1049 1264 ἐπικήδειον
1090 1210 1356 1266 ἐξετραγῴδει
1385 1209 1547 1260 διεξιών
1570 1212 1640 1252 ἐπὶ
1654 1218 1694 1251 15

203 1276 259 1331 τῷ
288 1272 410 1330 τάφω
438 1275 580 1328 αυτοῦ,
611 1275 975 1330 α’πολοφυρόμενός
993 1290 1037 1315 τε
1058 1272 1147 1326 ἅμα
1164 1275 1234 1316 τὸν
1262 1273 1490 1328 ἐπιτήδειον
1518 1277 1638 1316 α’δελ-

205 1339 296 1395 φόν.
356 1341 428 1379 καί
453 1338 555 1390 μετὰ
587 1342 722 1380 ταῦτα
761 1339 1125 1391 μεταπεμπόμενος
1152 1338 1247 1388 τούς
1276 1342 1639 1394 Πελοποννησίους

203 1405 246 1453 ἐς
275 1403 439 1455 Ἰσθμὸν
469 1403 540 1445 τόν
570 1420 614 1445 τε
641 1404 810 1456 Ἰσθμὸν
838 1405 1027 1457 ἐτείχισε,
1057 1404 1130 1445 καί
1157 1403 1348 1459 φυλακην
1377 1402 1639 1458 καταστησά-

203 1484 324 1521 μενος
351 1469 482 1510 αύτοῦ
507 1468 632 1525 α’πῄει
660 1470 875 1509 ἀποπλέων
901 1471 971 1509 ἐπί
997 1471 1247 1520 Βυζαντίου,
1275 1467 1384 1522 ἔχων
1412 1470 1507 1521 μεθ’
1537 1464 1638 1509 ἑαυ-

204 1536 281 1575 τοῦ
309 1535 382 1574 καί
407 1533 505 1581 τούς
534 1534 881 1587 Πελοποννησίων
913 1530 1117 1588 ἄρχοντας
1147 1534 1191 1574 ἐν
1223 1535 1403 1589 φυλακῇ.
1649 1543 1694 1577 20

321 1605 463 1648 Ταῦτα
493 1606 570 1657 μὲν
601 1600 675 1644 οὖν
703 1603 802 1644 κατὰ
834 1603 930 1651 τούς
959 1604 1039 1644 ταῖν
1071 1603 1272 1657 Ἑλλήνων
1297 1606 1482 1655 βασιλεῖς
1508 1618 1638 1658 συνη-

298 1719 331 1751 5.
364 1718 413 1757 ὥς
438 1719 462 1751 Ρ
582 1718 635 1752 10.
662 1716 870 1760 ἐπιτήδειον
895 1718 919 1750 Ρ

207 1818 274 1852 sibi
299 1829 465 1862 generum
494 1820 630 1863 paravit
663 1820 827 1852 iuvenem
853 1818 1030 1863 quendam
1067 1819 1110 1851 ab
1136 1818 1279 1851 Euboea
1313 1816 1512 1857 oriundum,
1541 1818 1634 1851 claro

207 1864 287 1897 loco
313 1871 443 1898 natum.
492 1871 668 1910 postremo
694 1877 772 1898 cum
799 1865 933 1897 bellum
961 1866 1053 1897 inter
1085 1866 1198 1909 ipsum
1223 1871 1264 1897 et
1284 1865 1440 1898 Venetos
1466 1875 1551 1909 pace
1579 1864 1635 1895 di-

208 1916 380 1955 remptum
410 1912 513 1950 foret,
538 1917 696 1955 pacatam
725 1912 904 1955 amplexus
930 1916 983 1943 est
1015 1912 1130 1943 vitam.
1179 1911 1295 1943 Aleoti
1330 1910 1453 1948 filium,
1481 1910 1634 1952 Aeginae

208 1956 356 1996 ducem,
390 1959 503 1991 virum
527 1959 677 1990 maxime
705 1958 773 1990 sibi
798 1957 1038 1997 commodum,
1072 1957 1213 2001 quando
1240 1957 1284 1989 ad
1307 1967 1342 1988 se
1367 1956 1532 1994 venisset,
1558 1967 1635 1988 ma-

208 2003 332 2046 gnifice
356 2003 601 2036 venerabatur.
660 2004 767 2037 vitam
802 2015 884 2035 vero
917 2014 1012 2034 suam
1047 2014 1123 2035 cum
1151 2007 1386 2047 temperanter
1409 2001 1633 2041 instituisset,

208 2049 253 2081 ad
277 2049 422 2081 multam
460 2055 637 2082 senectam
681 2051 860 2093 pervenit,
897 2049 1049 2081 feliciter
1079 2050 1209 2080 vivens.
1266 2054 1302 2081 et
1339 2047 1420 2092 quia
1450 2047 1634 2091 imperium

206 2095 355 2139 pulchre
381 2100 415 2127 et
441 2095 608 2128 decenter
636 2095 823 2136 ordinarat,
850 2095 977 2126 multas
1010 2095 1241 2138 comportavit
1267 2093 1351 2126 inde
1377 2092 1526 2125 divitias.
1575 2104 1634 2125 ur-

207 2142 288 2174 bem
326 2152 490 2189 quoque,
527 2153 631 2187 quam
668 2143 787 2187 potuit
811 2142 989 2180 maxime,
1025 2140 1193 2173 aedificiis
1234 2146 1269 2173 et
1297 2139 1436 2184 reliquo
1461 2144 1632 2183 apparatu

206 2187 401 2220 exornavit.

297 2243 429 2275 Horum
454 2254 531 2275 cum
557 2242 736 2287 hucusque
759 2244 974 2275 mentionem
1000 2243 1152 2282 fecerim,
1183 2246 1322 2285 tempus
1347 2246 1400 2274 est
1427 2246 1468 2273 ut
1492 2241 1632 2274 redeam

206 2288 251 2322 ad
276 2289 503 2322 Theodorum
528 2290 616 2332 regis
644 2289 775 2328 filium,
802 2289 946 2334 Spartae
976 2294 1011 2320 et
1041 2289 1198 2333 reliquae
1234 2287 1466 2331 Peloponnesi
1497 2288 1631 2332 princi-

204 2347 297 2382 pem,
325 2336 387 2378 qui
412 2334 578 2367 educatus
606 2340 642 2367 et
666 2334 861 2378 disciplinis
885 2335 1068 2370 institutus
1095 2345 1114 2366 a
1131 2333 1321 2368 Theodoro
1346 2338 1486 2376 patrue,
1510 2339 1632 2378 postea

204 2382 249 2415 ab
278 2381 400 2414 eodem
424 2387 563 2414 mortuo
595 2381 830 2425 principatum
868 2381 1012 2424 accepit.
1061 2379 1105 2412 ad
1138 2379 1231 2411 hunc
1258 2390 1335 2411 cum
1355 2379 1509 2411 venisset
1533 2384 1633 2423 pater

205 2427 282 2460 eius
319 2427 489 2463 Emauuel
526 2427 684 2470 Byzantii
719 2438 798 2466 rex,
837 2427 1075 2471 principatum
1117 2426 1302 2459 firmiorem
1338 2430 1374 2457 et
1412 2425 1630 2459 stabillorem

204 2473 396 2507 Theodoro
434 2473 529 2506 fecit.
589 2484 784 2505 sermonem
821 2483 965 2518 quoque
1002 2471 1186 2507 funebrem
1228 2471 1372 2511 habuit,
1407 2476 1442 2503 et
1478 2471 1630 2503 maximo

205 2530 362 2553 maerore
389 2521 532 2553 affectus
557 2518 783 2552 volutabatur
805 2529 909 2562 super
946 2519 1060 2551 fratris
1085 2518 1257 2561 sepulcro.
1307 2522 1431 2561 postea
1456 2516 1629 2550 advocans

204 2565 484 2609 Peloponnesios
509 2566 547 2598 in
567 2565 756 2604 Isthmum,
788 2575 888 2597 muro
922 2575 1000 2596 eum
1034 2563 1215 2596 includere
1253 2573 1434 2606 aggressus
1459 2567 1524 2595 est.
1573 2563 1630 2595 cui

205 2623 282 2645 cum
327 2612 553 2655 imposuisset
586 2611 821 2655 praesidium,
863 2611 1061 2653 Byzantium
1089 2611 1254 2654 repetiit,
1290 2608 1426 2642 habens
1449 2618 1566 2642 secum
1592 2609 1628 2640 in

204 2657 353 2693 vinculis
379 2658 714 2702 Peloponuesiorum
740 2657 856 2689 duces.

295 2714 390 2749 llaec
418 2714 561 2760 quidem
597 2720 678 2748 sunt
703 2725 794 2760 quae
827 2725 867 2747 ea
897 2718 1104 2758 tempestate
1135 2712 1273 2757 regibus
1301 2713 1514 2745 Graecorum
1542 2720 1624 2744 eve-
