1858 3210
467 191 540 230 DE
583 191 754 232 minus
793 189 1048 232 Tnssclcis
1087 192 1136 231 L.
1161 191 1274 230 vm.
1493 176 1591 227 407

119 288 283 345 χωλοῦ,
309 288 466 345 ἀνδρὸς
510 289 583 332 τὸν
608 287 763 344 τρόπον
789 289 866 331 οὐκ
888 289 1073 346 ἀγαθοῦ,
1114 290 1255 339 δεξιοῦ
1282 289 1330 330 δὲ
1359 282 1497 337 ἄλλως
1527 283 1600 327 καὶ

128 360 448 412 καθηγουμένου
487 362 573 405 τοῖς
601 357 826 410 Ἀλβανοῖς
865 354 942 411 τὴν
972 354 1170 411 ἐσήγησιν
1198 356 1355 410 ταύτης
1384 356 1456 408 τῆς
1487 353 1641 398 ‹ino-D

129 421 330 471 στάσεως.
387 425 506 477 ἐνῆγε
534 425 580 465 δὲ
610 424 870 473 ἐπικείμενος
913 418 1020 463 ὥστε
1048 421 1317 477 ἀφίστασθαι
1346 419 1429 463 α’πὸ
1455 419 1600 474 Ἑλλή-

128 503 214 530 νων
245 488 318 531 καὶ
342 490 490 544 σφίσιν
520 486 704 542 ἧγεμόνα
748 486 922 530 ἑλέσθαι
970 484 1018 529 ὃν
1045 484 1098 528 ἄν
1127 488 1253 528 αὐτοί
1280 487 1470 530 ἕλωνται.
1529 483 1602 526 καί

95 551 320 611 ῦῶρμηντο
339 557 418 607 μὲν
433 552 491 604 ὥς
519 552 798 610 ξυμβήσοντες
816 559 901 602 τοῖς
920 552 1108 608 ἡγεμόσι,
1128 551 1236 606 μετὰ
1262 555 1309 594 δὲ
1338 551 1602 606 διεκωλύθη-

129 638 223 667 σαν.
255 621 329 663 καί
353 623 632 663 ἐπεκαλοῦντο
651 622 730 673 μὲν
751 620 823 661 καί
839 617 1044 673 Ἑλλήνων
1067 615 1207 662 ἄλλων
1228 619 1270 667 ἐς
1298 618 1376 672 τὴν
1403 615 1602 672 ἐσήγησιν

130 691 297 744 ταύτην,
331 687 558 742 ἐπιστάτην
585 685 798 739 ἀξιοῦντες
825 689 1024 741 γενέσθαι
1043 703 1052 714 ·
1112 687 1382 733 τελευτῶντες
1403 685 1450 725 δὲ
1480 682 1602 739 ἐστη-

131 771 259 798 σαντο
287 754 601 813 Ἐιιμανουῆλον
629 754 704 794 τοῦ
733 753 1147 806 Καντακουζηναίων
1172 754 1319 805 γένους
1346 749 1528 804 ἡγεμόνα
1557 765 1602 791 τε

133 824 279 878 σφίσι,
317 823 389 862 καί
418 820 470 862 τὰ
504 822 589 862 τῶν
623 816 827 873 Ἑλλήνων
858 814 956 872 ἦγον
983 817 1260 873 καί“ὲ’φερον,
1289 820 1363 858 καί
1390 815 1603 869 ’ὑποζύγια

79 899 122 933 10
133 890 211 941 μὲν
241 887 312 929 καί
340 889 427 937 ζῶα
458 883 538 927 ὅσα
576 881 691 939 εἶχον
718 884 756 927 οἱ
774 882 994 940 Ἕλληνες,
1025 885 1235 939 ἐληίζοντο
1262 881 1602 938 στρατευόμενοι.

132 955 218 996 εἰσί
242 954 287 995 τό
316 956 434 1007 γένος
458 954 583 994 τοῦτο
614 951 792 1004 νομάδες
822 949 1019 1002 ἅπαντες,
1047 952 1119 991 καί
1145 951 1316 1007 ου’δαμῇ
1347 951 1471 1004 σφίσι
1498 963 1603 1001 χρο-

131 1019 225 1062 -νιάν
266 1018 340 1073 τήν
380 1016 605 1072 διατριβήν
643 1017 903 1069 ποιούμενοι.
978 1015 1106 1074 ταύτῃ
1145 1014 1196 1069 δη
1239 1015 1483 1069 ὁρμώμενοι
1519 1015 1737 1059 τῶνΡ.216

131 1084 293 1127 πόλεών
318 1100 362 1127 τε
389 1081 534 1132 ἑστίας
562 1083 842 1142 ὑπηγάγοντοῖ
869 1083 943 1124 καί
970 1082 1267 1131 ἐπελαύνοντες
1297 1081 1371 1130 τὰς
1400 1081 1479 1132 μὲν
1502 1080 1602 1121 ἐπο-

134 1151 328 1204 λιόρκουν
358 1151 433 1200 τὰς
462 1152 510 1192 δὲ
538 1150 611 1191 καί
630 1151 797 1204 ὲδὴουν.
856 1148 1045 1199 nal-toric,-
1072 1165 1115 1191 τε
1135 1145 1336 1203 Ἕλληνας
1366 1151 1410 1190 ἐν
1442 1148 1606 1201 α’νδρα-

78 1226 120 1260 15
134 1221 275 1260 πόδων
304 1218 412 1276 λόγῳ
454 1218 726 1272 ποιούμενοι,
754 1215 966 1271 ἔπρασσον
1004 1218 1047 1265 ἐς
1075 1214 1151 1265 τὰς
1193 1216 1334 1270 θύρας
1370 1216 1445 1256 τοῦ
1479 1217 1606 1266 βασι-

90 1288 97 1291 λ
133 1287 238 1333 λε’ως
267 1285 546 1338 ἐπιτραπῆναι
577 1285 703 1338 σφίσι
732 1282 809 1337 τήν
839 1281 1178 1338 Πελοπόννησον,
1207 1284 1279 1324 καί
1303 1283 1606 1337 ἐπηγγέλλοντο

131 1353 206 1392 καί
231 1348 408 1404 στρατὸν
433 1349 505 1390 καὶ
531 1349 674 1397 πόλεις
703 1350 834 1390 αὐτοῦ
864 1350 910 1391 ἐν
942 1351 992 1404 τῇ
1013 1347 1341 1405 Πελοποννήσῳ,
1370 1349 1443 1388 καί
1471 1344 1608 1403 φόρον

131 1418 316 1458 ἐπέτειον
353 1414 486 1457 πολὺν
527 1412 701 1468 ἀπάγειν
746 1416 803 1471 τῷ
844 1418 1024 1468 βασιλεῖ.
1094 1417 1168 1456 καί
1210 1413 1508 1467 ’ξυνεβάλλοντο
1552 1412 1604 1467 δὴ

132 1483 273 1530 αδτοῖς
301 1481 376 1524 καί
403 1482 652 1536 Κεντηρίων
671 1484 910 1535 Ζαχαρίας,
943 1479 963 1522 ὅ
994 1482 1065 1535 τῆς
1090 1482 1286 1535 γυναικός
1308 1479 1495 1534 α’δελφὸς
1530 1480 1610 1520 τοῦ

74 1556 121 1590 20
131 1549 342 1602 βασιλέως
369 1548 569 1603 α’δελφοῦ,
591 1549 664 1588 καί
686 1546 926 1602 Λουκάνης.
959 1545 1033 1596 οὒς
1054 1550 1280 1601 καθείρξας
1307 1548 1367 1595 εἰς
1394 1547 1512 1587 πόλιν
1531 1561 1608 1585 κα-

134 1617 340 1668 λουμένην
370 1615 642 1667 Χλουμετίην
681 1614 727 1654 ἑν
755 1615 806 1669 τῇ
836 1611 1064 1667 ἀκροπόλει
1109 1615 1169 1661 εἰς
1200 1612 1398 1668 φυλακην
1429 1614 1607 1654 ἐποιεῖτο

133 1679 207 1722 καί
234 1680 278 1720 ἐν
308 1680 457 1727 πέδαις
485 1680 717 1733 συνετήρει.
780 1679 852 1720 τὸν
889 1678 970 1734 γὰρ
1003 1681 1078 1734 τῆς
1107 1676 1267 1728 πόλεως
1297 1673 1483 1734 ἄρχοντα
1511 1678 1604 1719 πεί...

234 1801 288 1835 13.
319 1800 458 1848 ἑστίας]
488 1802 592 1837 ἔστιν
612 1798 685 1840 ἱέςῗ

137 1911 322 1958 improbus
352 1917 389 1946 et
415 1924 540 1958 parum
570 1913 704 1946 dextris
740 1914 901 1947 moribus
924 1914 1122 1959 praeditus.
1174 1915 1203 1947 is
1234 1927 1307 1948 non
1335 1915 1603 1949 intermittebat

138 1960 183 1993 ad
210 1959 454 1993 defectionem
481 1961 668 2005 impellere
698 1961 867 1994 Albanos.
930 1962 1087 1995 instabat
1108 1973 1220 2007 usque
1249 1967 1286 1994 nt
1313 1974 1331 1994 a
1357 1963 1503 1995 Graecis
1535 1962 1600 1994 de-

139 2008 352 2046 sciscerent,
386 2007 530 2052 sibique
562 2019 670 2051 quem
697 2009 890 2052 elegissent
915 2010 1116 2054 principem
1149 2014 1323 2042 crearent.
1376 2011 1491 2054 primo
1519 2011 1604 2054 qui-

138 2055 218 2088 dem
247 2054 375 2088 Albani
402 2066 475 2087 rem
501 2054 710 2095 audiebant,
738 2057 839 2100 quasi
870 2057 932 2100 qni
960 2057 1096 2090 vellent
1109 2057 1181 2089 suis
1209 2057 1432 2102 principibus
1461 2057 1605 2090 obtem-

138 2112 286 2147 perare:
314 2107 442 2146 postea
469 2113 553 2135 vero
584 2104 721 2135 animos
746 2109 942 2144 mutarunt,
969 2116 1047 2136 cum
1078 2105 1185 2137 etiam
1214 2105 1277 2136 alii
1305 2104 1450 2149 quidam
1475 2104 1606 2137 Graeci

139 2150 183 2182 ad
213 2148 362 2182 eandem
389 2160 462 2182 rem
489 2149 741 2194 capessendam
758 2150 917 2183 Albanos
943 2152 1138 2184 incitarent
1164 2151 1366 2197 (lucemque
1386 2152 1496 2184 creari
1527 2152 1606 2184 vel-

138 2197 226 2230 lent.
278 2195 422 2229 tandem
464 2197 697 2229 Emanuelem
733 2203 857 2230 natum
886 2209 1076 2240 exgenere
1107 2199 1439 2231 Cantacuzenorum
1479 2198 1608 2231 ducem

139 2244 376 2283 constituunt,
404 2255 531 2289 resque
558 2246 775 2277 Graecorum
805 2252 915 2288 agunt
942 2247 1160 2290 l'eruntque;
1189 2252 1225 2279 et
1252 2246 1389 2278 bellum
1420 2247 1607 2290 occipien-

138 2297 205 2330 tes,
232 2291 391 2324 iumenta
418 2303 621 2337 pecoraque
647 2303 740 2337 quae
767 2293 908 2325 Graeci.
930 2292 1113 2326 habebant
1147 2293 1305 2337 diripere
1335 2293 1429 2326 baud
1457 2293 1611 2326 abstite-

142 2343 236 2372 runt.
284 2338 416 2371 Albani
446 2345 566 2371 autem
604 2350 726 2372 omues
764 2346 923 2385 pastores
968 2347 1073 2381 sunt,
1112 2346 1148 2374 et
1172 2341 1304 2372 nullibi
1333 2342 1438 2374 certis
1464 2339 1610 2373 sedibus

140 2391 338 2419 morantur.
389 2385 473 2418 hinc
498 2387 621 2430 itaque
649 2388 803 2431 profecti
832 2388 971 2420 urbium
998 2387 1123 2420 domos
1150 2388 1399 2432 occupabant3
1429 2393 1464 2421 et
1487 2399 1611 2420 accur-

145 2437 264 2466 rentes
301 2433 470 2478 quasdam
511 2433 749 2474 obsidebant,
789 2435 959 2479 quasdam
990 2440 1212 2480 expugnatas
1247 2435 1481 2479 diripiebant.
1532 2446 1612 2468 cum

143 2480 300 2513 Graecos
328 2480 587 2525 mancipiorum
616 2482 695 2514 loco
723 2481 896 2515 ducerent
923 2489 958 2515 et
985 2483 1191 2527 planissime
1217 2487 1502 2522 contemnerent,
1526 2483 1614 2515 scri-

142 2532 293 2571 pserunt
320 2526 364 2559 ad
393 2528 518 2560 ianuas
547 2529 638 2572 regis
655 2553 664 2570 ‚
692 2530 946 2573 promittentes
985 2530 1091 2563 urbes
1119 2535 1156 2562 et
1182 2531 1357 2562 exercitus
1384 2530 1614 2574 Peloponne-

143 2575 258 2607 siacos
288 2574 325 2606 in
355 2575 444 2617 regis
471 2580 649 2619 potestate
678 2576 767 2617 fore,
793 2577 820 2609 si
849 2578 937 2622 ipsis
964 2578 1255 2622 Peloponnesum
1285 2575 1504 2610 tradidisset.
1529 2577 1614 2622 pol-

143 2620 352 2654 licebantur
384 2632 422 2654 se
457 2623 653 2667 quotannis
687 2624 865 2656 tributum
908 2635 1075 2669 magnum
1117 2624 1189 2668 regi
1219 2634 1406 2668 pensuros.
1457 2623 1616 2658 Albanos

145 2667 361 2702 adiutabant
385 2668 579 2702 Centerion
608 2669 820 2710 Zacharias,
866 2672 976 2704 frater
1015 2671 1177 2704 mulieris
1212 2671 1287 2703 eius
1323 2682 1430 2716 quam
1465 2671 1618 2704 duxerat

142 2715 238 2760 ‘regis
266 2715 388 2756 frater,
415 2721 452 2748 et
478 2717 649 2750 Lucanes.
700 2717 766 2751 hos
793 2717 966 2751 adductos
994 2718 1033 2751 in
1053 2718 1179 2750 urbem
1203 2717 1444 2751 Chlumetiam
1471 2719 1508 2752 in
1538 2730 1618 2751 car-

148 2773 277 2804 cerem,
307 2762 370 2808 qui
396 2763 431 2795 in
454 2774 533 2797 arce
560 2769 647 2804 erat,
671 2765 812 2798 vinctos
830 2766 997 2799 coniecit.
1051 2765 1183 2798 Albani
1214 2766 1370 2799 civitatis
1396 2767 1618 2811 praesectum
