1774 3204
215 165 312 214 408
546 171 763 212 LAONlCl
805 170 1310 213 CHALCOCONDYLAE

176 280 355 317 Βσαντες
383 269 691 323 συναφεστάναι
726 284 769 310 τε
795 271 914 324 σφίσι
949 270 1018 309 κατ’
1044 270 1273 321 ἀγαγέσθαι
1301 269 1374 310 τοῦ
1403 270 1644 323 Κεντηρίω-

209 351 276 383 νος
305 337 532 387 θυγατέρα,
561 330 718 387 ἀπέστη
748 349 808 387 τε,
836 337 907 374 καί
935 333 1031 381 τούς
1045 349 1090 374 τε
1118 331 1272 387 ἄνδρας
1300 333 1546 387 ἠλευθέρου,
1574 336 1646 374 καί

209 403 434 449 ἐπολέμουν
479 404 565 447 τοῖς
594 397 770 453 Ἕλλησι.
839 398 910 439 καί
946 395 1089 452 ηὔξετο
1131 401 1208 450 μὲν
1244 404 1328 446 τοῖς
1347 398 1563 450 Ἀλβανοῖς
1590 395 1641 438 τὰ

209 464 451 516 πράγματα,
489 463 559 504 καί
597 466 640 511 ἐς
677 466 783 517 μέγα
827 462 991 516 ἐχώρει.
1057 463 1127 504 τὸν
1154 466 1230 515 μὲν
1269 459 1342 505 οὖν
1372 462 1639 518 Κεντηρίωνα

212 530 367 579 Θωμᾶς
396 528 417 568 ὁ
443 531 648 581 βασιλέως
673 527 855 582 α’δελφὸς
878 523 960 568 ὧδε
995 526 1284 578 αἰτιασάμενος
1311 529 1547 579 συνέλαβεν,
1573 521 1671 568 ὅτεὸ

207 593 467 647 Ἀμουράτης
495 592 515 632 ὅ
548 594 780 644 ΖΫΙεχμέτεω
807 593 878 633 τὸν
905 593 1072 643 Ἰσθμὸν
1111 591 1298 632 καθελών
1324 589 1501 645 ἤλαυνεν
1527 589 1638 637 ἐντὸς

206 656 530 710 Πελοποννήσου
560 656 664 696 εὐθὺ
692 657 877 708 Ἀχαΐας.
935 654 1122 710 ιδ’ρμηντο
1155 657 1199 696 δὲ
1232 653 1358 703 αὐτός
1384 670 1427 696 τε
1455 651 1544 706 ἅμα
1571 652 1639 694 καὶ

206 721 439 773 Μπόχαλις
493 720 514 761 ὅ
561 719 800 774 Λεοντάρης
846 717 988 774 ἄρχων
1041 720 1312 775 ἀφίστασθαι.
1386 721 1464 761 καί
1501 718 1522 760 ὃ
1561 719 1640 770 μὲν

208 785 441 838 ῙΗπόχαλις
470 785 634 838 Ἰοἷπέστη
663 784 708 826 ἐκ
735 788 808 825 τοῦ
847 788 1030 839 φανεροῦ
1058 787 1129 825 καί
1154 783 1357 837 ἐπολέμει,
1383 785 1455 824 καί
1478 785 1638 835 συμβα-

206 852 289 892 λών
331 851 542 905 στρατηγῷ
573 849 731 891 Ῥαούλ
771 852 847 890 τοῦ
884 850 1077 903 ἡγεμόνος
1119 847 1227 890 ἑάλω
1265 848 1338 889 καί
1375 847 1539 901 ἐξεκόπη
1579 844 1636 888 τώ
1652 855 1696 888 10

167 915 415 970 (ζόφθαλμώ
444 918 519 955 τοῦ
548 914 756 967 ἡγεμόνος.
787 915 956 962 τούτους
980 916 1056 966 μὲν
1082 913 1192 955 οὕτω
1221 913 1516 968 αἰτιασάμενος,
1543 914 1638 954 ε’πε-

71 989 112 1021 V.
127 989 192 1022 169
205 981 424 1028 λαύνοντος
449 979 734 1032 Ἀμουριίτεω,
755 979 976 1032 Λουκάνην
1001 981 1046 1020 δὲ
1070 982 1141 1020 καί
1167 977 1459 1031 νεωτερίζοντα
1477 993 1518 1019 τε
1546 976 1643 1031 περὶ

202 1047 252 1088 τά
282 1047 409 1086 αότοῦ
438 1045 662 1098 πράγματα
679 1048 751 1086 καί
777 1045 1067 1095 ξυνιστάμενον
1083 1051 1167 1092 τοῖς
1189 1046 1271 1084 τῶν
1293 1043 1488 1097 Ἑλλήνων
1503 1057 1639 1084 καινο-

202 1117 340 1162 τομεῖν
359 1111 627 1163 βουλομένοις
644 1111 845 1162 συνέλαβε
865 1124 906 1150 τε
926 1112 997 1150 καί
1014 1111 1236 1162 καθείρξας
1257 1105 1368 1161 εἶχεν
1387 1109 1430 1148 ἐν
1446 1109 1498 1163 τῇ
1515 1107 1639 1160 α’κρο-

203 1177 329 1216 πόλει.
386 1174 502 1227 ἐνῆγε
521 1177 598 1226 μὲν
623 1168 743 1222 οἶτος
763 1174 835 1214 καί
861 1173 1063 1226 πρότερον
1090 1175 1160 1214 ἐπὶ
1192 1171 1437 1229 ξυνωμοσίᾳ,
1465 1172 1640 1223 δύναμιν
1653 1178 1695 1212 15

207 1239 414 1292 ἀξιόχρεω
452 1239 817 1293 περιποιούμενος,
862 1239 956 1286 τούς
993 1254 1036 1278 τε
1068 1236 1269 1291 Ἑλλήνων
1297 1242 1539 1292 περιφανεῖς
1569 1236 1642 1278 καί

202 1305 309 1357 μετὰ
343 1306 472 1344 ταῦτα
514 1304 723 1354 Ἀλβανῶν
763 1302 861 1351 τούς
897 1301 1222 1351 δυνατωτάτους.
1292 1304 1441 1343 τοῦτον
1485 1299 1536 1355 δὴ
1573 1303 1638 1355 γε’-

201 1384 299 1416 νους
336 1364 432 1408 ὄντα
463 1369 516 1408 ου’
554 1367 772 1422 φλαύρου,
801 1367 905 1419 πρὸς
946 1369 991 1408 δὲ
1025 1367 1207 1418 μάλιστα
1249 1367 1436 1422 ἀφανοῦς
1472 1365 1639 1408 Θεόδω-

204 1450 272 1487 ρος
303 1431 322 1473 ὅ
357 1434 547 1484 νεώτερος
577 1435 650 1486 τῆς
667 1430 860 1485 Σπάρτης
889 1429 1062 1485 ἡγεμών,
1091 1433 1257 1486 φύσεως
1271 1428 1320 1472 εὖ
1343 1430 1453 1484 ἔχειν
1470 1432 1636 1472 δοκοῦν·

203 1516 256 1540 τα
285 1498 356 1539 καί
383 1496 422 1547 ἐς
450 1497 497 1538 τὰ
538 1495 643 1539 ἄλλα
683 1498 758 1537 οὐκ
796 1497 1001 1547 ἀξύνετον,
1043 1497 1084 1546 ἐς
1113 1497 1206 1544 τοὺς
1237 1503 1335 1550 παρ’
1363 1495 1496 1551 ἑαυτῷ
1523 1505 1693 1550 upon-20

204 1562 396 1610 τεύοντας
424 1560 648 1613 ταξάμενος
674 1560 864 1615 χρήμασί
889 1577 931 1602 τε
974 1562 1266 1615 ἐθεράπευσεν.
1324 1560 1562 1615 ὁρμώμενος
1590 1562 1636 1602 δὲ

166 1626 289 1668 1)ιίπό
315 1627 463 1680 ταύτης
506 1629 577 1679 τῆς
603 1630 678 1667 τοῦ
709 1624 904 1678 ἡγεμόνος
937 1628 1200 1679 εὐεργεσίας,
1239 1628 1384 1678 ἐρίζων
1412 1624 1516 1678 πρός
1542 1622 1636 1671 τούς

206 1693 286 1732 τῶν
311 1691 511 1744 Ἑλλήνων
539 1692 768 1745 ἐπιφανεῖς,
797 1689 976 1744 ἔπρασσε
995 1690 1041 1731 τά
1064 1690 1409 1743 Πελοποννησίων
1436 1689 1538 1744 πρὸς
1569 1687 1636 1730 τὸν
1684 1674 1695 1690 ⁸

205 1845 386 1888 promissis
411 1844 646 1876 accendentes
665 1869 672 1882 ‚
709 1849 959 1888 persuaserunt
991 1849 1029 1876 ut
1061 1845 1097 1875 in
1123 1845 1277 1887 ipsorum
1314 1848 1431 1887 partes
1456 1842 1572 1876 abiret
1597 1848 1633 1876 et

204 1891 380 1929 defit-emt,
411 1888 705 1934 Centerionisque
731 1890 839 1922 filiam
867 1890 1021 1930 duceret,
1048 1891 1211 1934 virosque
1235 1894 1357 1933 captos
1381 1890 1528 1922 vinculis
1556 1889 1633 1921 exi-

202 1942 325 1969 meret.
377 1941 412 1968 et
427 1937 607 1980 propalam
633 1936 765 1968 bellum
784 1948 860 1968 cum
879 1937 1022 1968 Graecis
1049 1936 1227 1978 gerebant.
1277 1935 1526 1968 Centerionem
1551 1935 1632 1980 qui-

206 1982 283 2015 dem
313 1983 399 2025 regis
425 1983 534 2014 frater
567 1981 719 2014 Thomas
759 1983 839 2014 ideo
866 1983 903 2014 iu
939 1983 1078 2015 vincula
1113 1982 1192 2013 duci
1218 1982 1387 2021 iusserat,
1433 1981 1528 2026 quod
1553 1992 1633 2013 cum

203 2030 387 2061 Amurates
411 2027 619 2060 Mechmetis
643 2028 813 2060 Isthmum
851 2028 1070 2067 destrueret,
1095 2029 1171 2071 ipse
1201 2033 1293 2060 recta
1317 2038 1360 2059 ex
1386 2028 1632 2071 Peloponneso

205 2076 244 2107 in
268 2074 432 2106 Achaiam
474 2086 509 2106 se
545 2075 744 2118 recepisset.
795 2074 839 2106 ad
873 2074 1111 2107 defectionem
1143 2073 1337 2106 inclinabat
1370 2074 1464 2117 ipse,
1493 2083 1632 2106 necnon

207 2121 375 2152 Bochales
399 2122 591 2154 Leontares
618 2122 792 2164 princeps.
850 2126 886 2152 et
911 2120 1051 2164 quidem
1081 2119 1250 2152 Bochales
1287 2124 1407 2162 aperte
1442 2119 1572 2152 defecit
1597 2124 1633 2152 et

206 2168 387 2211 propalam
409 2166 545 2198 bellum
577 2167 742 2210 gerebat3
781 2171 817 2198 et
848 2177 1038 2198 conserens
1074 2177 1197 2198 manus
1225 2177 1302 2197 cum
1328 2165 1438 2197 Raule
1463 2165 1631 2210 principis

206 2213 294 2245 duce
320 2218 443 2256 captus
469 2218 543 2252 est,
578 2218 752 2256 captoque
797 2213 891 2244 oculi
928 2214 1018 2244 eruti
1053 2217 1146 2244 sunt.
1205 2211 1270 2244 hos
1304 2211 1451 2254 quidem
1471 2212 1510 2244 in
1537 2210 1633 2244 hunc

203 2259 347 2291 modum
372 2265 553 2291 accusatos
584 2259 620 2290 in
656 2269 829 2290 carcerem
857 2259 1032 2297 coniecit,
1059 2258 1306 2290 Centerionem
1331 2256 1510 2297 videlicet,
1535 2256 1634 2301 quod

205 2305 416 2338 deseruisset
440 2305 722 2348 Peloponnesum
755 2305 920 2336 Amurate
954 2303 1124 2336 Isthmum
1158 2303 1340 2342 diruente,
1366 2303 1542 2336 Lucanem
1564 2314 1632 2336 au—

203 2357 286 2391 tem,
311 2351 407 2395 quod
444 2362 496 2383 res
536 2361 643 2383 novas
674 2350 858 2383 moliretur
895 2355 931 2382 et
967 2347 1429 2394 conspiratione1n*faceret
1466 2359 1544 2382 cum
1574 2349 1631 2382 his

205 2398 346 2430 Graecis
371 2397 431 2442 qui
456 2397 691 2440 Peloponnesi
719 2402 859 2436 statum,
884 2407 1053 2428 novarum
1079 2406 1191 2427 rerum
1211 2394 1342 2439 cupidi,
1368 2395 1631 2428 conturbarent.

204 2445 442 2476 concitaverat
465 2444 518 2475 vir
540 2444 607 2475 iste
643 2444 712 2475 iam
737 2448 840 2475 antea
870 2442 914 2473 ad
942 2442 1220 2474 coniurationem
1255 2441 1451 2474 faciendam
1478 2441 1631 2475 Graecos

203 2491 438 2532 insigniores,
465 2500 604 2522 necnon
629 2489 784 2521 Albanos
808 2489 1085 2532 potentissimos,
1121 2487 1210 2520 adeo
1235 2493 1274 2520 ut
1299 2488 1367 2520 iam
1394 2488 1484 2520 vires
1505 2488 1630 2520 conin-

205 2537 350 2567 rationis
381 2541 498 2568 essent
521 2534 615 2567 haud
632 2533 881 2579 poenitendae.
930 2533 1036 2574 hunc,
1065 2546 1141 2566 cum
1168 2540 1261 2567 esset
1285 2540 1382 2566 ortus
1406 2544 1533 2577 genere
1557 2544 1630 2566 non

204 2582 306 2621 malo,
331 2581 393 2613 sed
417 2582 569 2614 maxime
607 2584 754 2614 obscuro
771 2606 780 2620 ‚
806 2592 882 2613 cum
907 2580 1085 2612 videretur
1121 2582 1253 2623 optima
1278 2591 1354 2612 esse
1379 2578 1500 2612 indole
1526 2590 1628 2623 pme—

205 2627 299 2660 ditus
326 2634 361 2660 et
388 2633 526 2660 caetera
561 2639 633 2660 non
671 2627 893 2672 imprudens,
922 2626 1127 2660 Theodorus
1156 2628 1272 2658 iunior
1297 2627 1441 2670 Spartae
1466 2626 1629 2670 princeps

204 2675 242 2708 iu
268 2685 387 2706 eorum
415 2674 534 2706 album
560 2675 699 2707 rettulit
726 2674 784 2718 qui
820 2674 926 2718 primi
956 2673 1048 2717 apud
1077 2674 1190 2717 ipsum
1224 2672 1456 2711 habebantur,
1482 2671 1628 2716 opibus-
