1800 3172
294 208 382 249 100
615 208 830 249 LAONlCl
881 209 1385 250 CHALCOCONDYLAE

283 322 367 357 τας,
396 308 467 346 καί
491 307 840 357 σκεδαννυμένους
867 305 1056 360 σύντρεις
1086 307 1330 359 διαρπάζειν
1359 307 1612 359 α’νδράποδα,
1644 307 1714 348 καί

286 367 310 408 ὁ’
337 386 374 410 τι
419 373 460 418 ἐς
503 365 600 410 ἄλλο
645 373 894 425 προχωροίη.
969 371 1098 427 ταύτῃ
1140 372 1367 423 ἐπίσταμαι
1410 371 1507 418 τούς
1533 387 1578 411 τε
1605 370 1710 424 μετὰ

283 435 544 486 Ἀμουράτεω
574 435 649 476 τοῦ
684 435 891 488 Ὀρχάνεω
919 438 992 476 καί
1019 436 1116 484 τοὺς
1143 434 1238 476 τότε
1269 435 1318 489 δη
1357 435 1427 476 ἐπὶ
1457 434 1712 489 Παιαζήτεω

283 498 505 550 διαβάντας
527 501 584 546 ’ἐς
611 498 685 552 τήν
722 499 926 554 Εὐρώπην
955 501 1126 556 ω’θῆσαί
1153 516 1198 541 τε
1234 501 1306 540 καί
1333 497 1466 556 ταύτῃ
1495 497 1712 550 ἑλομένους

281 566 399 616 σφίσι
430 563 657 617 βιοτεύειν,
692 565 764 604 καί
798 563 1013 614 ἐπιδόντας
1052 566 1308 619 παραχρῆμα
1351 566 1485 613 ἐνίους
1509 566 1616 618 μέγα
1643 566 1743 605 ὀλ-5

278 627 395 678 βίους
426 630 468 667 ἐν
493 631 652 680 βραχεῖ’
666 631 864 683 γίνεσθαι,
897 630 1117 686 ἁπανταχῇ
1136 646 1180 671 τε
1210 632 1280 683 τῆς
1295 629 1498 682 Εὐρώπης
1525 629 1710 682 οἰκήσαν-

240 704 367 742 Grac,
397 692 477 732 α’πὸ
508 695 581 745 τῆς
608 695 689 733 τῶν
710 694 895 734 Σκοπίων
925 695 1078 742 πόλεως
1107 697 1177 736 ἐπί
1203 693 1276 748 τήν
1299 696 1539 747 Τριβαλλῶν
1565 694 1710 748 χώραν

279 758 350 796 καί
377 759 542 798 Μυσῶν
567 757 640 798 καί
676 757 778 799 κατὰ
819 758 892 812 τὴν
921 760 1210 813 Μακεδονίαν,
1238 758 1342 811 μετὰ
1374 759 1420 799 δὲ
1452 761 1587 800 ταῦτα
1615 760 1713 813 περὶ

282 822 514 862 Θετταλίαν
543 823 707 876 οἰκῆσαι
734 823 924 872 πολλούς.

386 886 475 927 'Em'
499 889 575 938 μὲν
603 883 677 928 οὖν
691 887 945 941 Παιαζήτεω
971 890 1132 940 λέγεται
1159 893 1312 942 μοῖραν
1341 888 1418 928 οὐκ
1448 886 1587 942 ὀλίγην
1604 890 1704 928 Σκυ-
1723 894 1764 927 10

277 951 366 990 θῶν
399 950 467 990 ἑπί
494 953 656 992 Δακίαν
697 953 903 993 ἐλθοῦσαν
931 953 1275 1005 πρεσβεύσασθαι
1311 951 1416 1007 πρὸς
1446 950 1707 1006 Παιαζήτην,

277 1017 486 1055 αἰτεῖσθαι
519 1015 656 1056 αὐτῶν
684 1017 780 1065 τοὺς
810 1014 1010 1069 ἡγεμόνας
1040 1014 1240 1070 χρήματα
1270 1032 1312 1057 τε
1337 1019 1410 1057 καί
1437 1016 1596 1070 α’ρχήν,
1641 1018 1708 1071 ἐφ’

277 1074 309 1137 ᾦ
338 1078 563 1132 διαβάντας
589 1079 660 1120 τὸν
678 1076 842 1134 Ἴστρον
870 1083 1168 1135 συνδιαφὲρειν
1198 1077 1310 1138 αὖτῷ
1333 1079 1429 1130 τούς
1457 1082 1528 1123 ἑπί
1545 1084 1596 1136 τῇ
1623 1081 1709 1122 Εὕ-

277 1142 393 1199 ρώπῃ
423 1143 633 1192 ἐναντίους
669 1146 886 1198 πολέμους.
943 1143 1015 1186 τὸν
1047 1147 1092 1186 δὲ
1124 1144 1327 1199 ἡδόμενον
1361 1148 1419 1202 τῷ
1447 1145 1551 1202 λόγῳ
1580 1160 1708 1199 προσ·

276 1208 415 1249 ίεσθαι
454 1209 528 1260 τὴν
569 1209 728 1263 αἴτησιν
769 1211 910 1250 αὐτῶν
947 1209 1018 1250 καί
1053 1209 1351 1263 ὗπισχνεῖσθαι
1385 1208 1559 1263 μεγάλα.
1616 1211 1706 1250 δια·
1723 1219 1764 1252 15

277 1273 441 1325 βάντων
475 1275 519 1314 δὲ
548 1274 711 1315 ἐκείνων
729 1276 974 1327 κατοικῆσαι
1003 1273 1156 1322 αὐτοὺς
1181 1273 1259 1315 ἀνὰ
1289 1272 1361 1328 τῆν
1388 1273 1608 1330 Εὐρώπην,
1636 1277 1708 1315 θε-

277 1336 535 1392 ραπεύοντας
580 1337 678 1387 τούς
715 1337 919 1391 ἡγεμόνας
962 1340 1101 1379 αὐτῶν
1142 1338 1221 1379 οἷνά
1251 1340 1378 1392 μέρος
1415 1338 1611 1393 ἕκαστον,
1639 1339 1712 1381 καί

231 1403 576 1450 Πσκεδασθέντας
621 1400 728 1443 οὕτω
757 1401 909 1450 αὐτοὺς
947 1405 1180 1456 χρησίμους
1219 1405 1415 1456 γενέσθαι
1455 1403 1544 1446 ἕστε
1586 1403 1710 1445 inno-

278 1466 460 1518 δρόμους
497 1470 567 1508 καί
606 1469 646 1515 ἐς
675 1466 865 1518 πόλεμον.
923 1462 1272 1520 ὗ’στερονψέντοι
1302 1470 1547 1523 Παιαζήτης
1576 1470 1708 1524 ὀρρω-

277 1533 360 1572 δῶν
388 1531 446 1585 μή
475 1549 512 1572 τι
541 1534 837 1585 νεωτερίσωσιν
879 1531 917 1572 οἱ
947 1530 1138 1586 ἡγεμόνες
1171 1532 1312 1573 αὐτῶν
1342 1531 1548 1582 συνιόντες
1575 1537 1708 1588 σφίσι,
1721 1543 1766 1576 20

276 1596 496 1648 συλλαβών
523 1596 694 1644 τούτους
719 1596 942 1636 ἀπέκτεινε.
972 1599 1052 1636 τῶν
1072 1598 1116 1637 δὲ
1135 1599 1309 1637 Σκυθῶν
1336 1599 1408 1638 καί
1435 1600 1508 1638 νῦν
1539 1597 1599 1639 ἔτι
1628 1597 1707 1639 ἀνὰ

275 1659 348 1714 τήν
381 1659 587 1715 Εὐρώπην
631 1663 734 1701 πολύ
762 1676 802 1700 τι
842 1663 999 1714 πλῆθος
1039 1662 1228 1717 πολλαχῇ
1254 1663 1567 1704 σκεδασθέντων
1598 1661 1710 1704 ἔστιν

373 1769 426 1803 14.
451 1777 524 1808 τοῖς
547 1790 591 1795 -
616 1771 796 1809 ἐναντίοις
819 1771 848 1803 Η

279 1876 441 1908 venerint
469 1877 504 1908 in
529 1881 654 1908 terram
670 1875 850 1915 hostilem,
875 1881 1019 1919 accepto
1039 1876 1137 1918 signo
1156 1887 1174 1907 a
1201 1876 1288 1908 duce
1312 1876 1555 1911 conscendunt
1583 1887 1705 1922 equos,

280 1934 369 1967 quos
396 1921 439 1954 ad
466 1921 502 1954 id
537 1922 721 1967 expeditos
751 1920 1035 1953 circumducunt:
1071 1927 1217 1954 currunt
1240 1923 1420 1964 citissime,
1445 1924 1536 1956 nihil
1566 1935 1706 1957 moran-

280 1973 344 2007 tes,
368 1973 404 2000 et
428 1967 574 2012 dispersi
604 1968 746 2012 rapiunt
769 1968 957 2010 mancipia,
985 1973 1022 2000 et
1049 1979 1282 2012 quaecunque
1311 1981 1409 2001 casus
1438 1970 1621 2003 obtulerit.
1662 1981 1704 2003 eo

279 2013 383 2046 modo
411 2014 492 2046 novi
523 2014 616 2054 illos,
643 2014 703 2058 qui
728 2025 804 2045 cum
831 2013 1000 2045 Orchanis
1040 2014 1114 2046 filio
1139 2014 1304 2046 Amurate
1329 2021 1364 2047 et
1388 2026 1464 2047 cum
1487 2016 1637 2048 Paiazite
1665 2027 1704 2048 ea

279 2065 488 2104 tempestate
526 2061 562 2091 in
593 2060 763 2103 Europam
803 2060 1034 2097 transierant,
1058 2059 1102 2092 ad
1128 2059 1276 2104 praedas
1311 2072 1348 2093 se
1373 2063 1585 2094 convertisse
1609 2067 1646 2094 et
1669 2061 1706 2094 id

279 2105 420 2139 vivendi
458 2117 565 2148 genus
592 2105 659 2138 sibi
696 2106 864 2148 elegisse3
888 2105 1161 2149 incredibilique
1196 2106 1413 2139 incremento
1445 2107 1542 2140 brevi
1565 2113 1705 2151 sumpto

279 2152 444 2184 maximas
473 2152 700 2196 acquisivisse
730 2163 826 2194 opes,
852 2150 1050 2184 habitantes
1078 2151 1236 2196 undique
1265 2163 1325 2196 per
1340 2153 1525 2197 Europam,
1549 2153 1593 2186 ab
1618 2154 1705 2186 Sco-

280 2199 419 2242 piorum
442 2198 528 2230 urbe
565 2208 676 2242 usque
715 2197 759 2229 ad
792 2197 1030 2229 Triballorum
1070 2198 1336 2242 Mysiorumque
1372 2200 1575 2242 regionem,
1600 2199 1705 2231 etiam

281 2256 345 2289 per
370 2244 614 2276 Macedoniam
651 2243 838 2288 dispersos.
894 2243 1022 2276 deinde
1060 2244 1149 2276 circa
1171 2243 1390 2276 Thessaliam
1414 2245 1584 2290 plurimos
1612 2256 1704 2289 quo-

280 2301 349 2335 que
375 2295 527 2323 aetatem
559 2291 667 2333 egisse
692 2294 840 2322 constat.

396 2338 592 2380 Imperante
621 2336 771 2368 Paiazite
805 2336 895 2367 fama
928 2341 982 2367 est
1014 2346 1086 2368 non
1122 2333 1295 2367 modicam
1331 2335 1536 2379 Scytharum
1565 2347 1705 2373 manum

280 2383 418 2415 venisse
441 2383 478 2415 in
505 2382 660 2422 Daciam,
686 2386 723 2414 et
744 2381 826 2413 hinc
851 2381 986 2424 legatos
1014 2381 1148 2413 misisse
1175 2380 1219 2412 ad
1234 2381 1430 2422 Paiazitem,
1457 2383 1517 2426 qui
1542 2389 1706 2428 peterent

280 2429 466 2472 pecuniam
505 2434 540 2461 et
571 2428 770 2472 regionem,
812 2427 939 2472 quibus
976 2427 1056 2459 freti
1098 2427 1278 2459 transituri
1311 2433 1429 2460 essent
1464 2429 1589 2461 Istrum
1627 2441 1705 2462 cum

281 2476 445 2514 Paiazite,
476 2480 512 2507 et
538 2474 634 2506 bella
658 2474 819 2518 Europae
843 2473 984 2516 gesturi.
1033 2473 1199 2506 Paiazites
1217 2473 1407 2517 plurimum
1436 2473 1629 2508 delectatus
1659 2476 1704 2507 il-

281 2521 393 2552 lorum
420 2531 579 2554 sermone
605 2531 746 2552 munera
771 2530 894 2563 magna
921 2519 1093 2563 promisit,
1119 2519 1148 2550 si
1172 2519 1384 2559 nancei-ent,
1414 2513 1705 2565 quemadmodum

281 2571 401 2599 essent
426 2567 602 2610 polliciti,
631 2567 775 2605 lstrum,
802 2565 920 2598 dicens
958 2575 994 2596 se
1021 2566 1105 2609 ipsis
1131 2565 1384 2608 assignaturum
1411 2567 1571 2610 Europae
1595 2578 1706 2610 agros,

281 2617 320 2644 ut
347 2613 477 2655 singuli
507 2613 558 2644 ibi
592 2613 750 2645 viventes
777 2623 857 2644 suos
885 2611 990 2643 duces
1023 2615 1253 2643 sectarentur.
1302 2613 1360 2656 qui
1386 2612 1422 2644 in
1446 2612 1541 2645 hunc
1564 2612 1705 2645 modum

281 2668 344 2702 per
368 2658 543 2703 Europam
580 2657 726 2702 dispersi
761 2658 897 2702 equites
923 2657 1006 2689 facti
1033 2662 1115 2688 sunt
1151 2657 1276 2700 optimi
1310 2658 1428 2702 reique
1457 2659 1616 2692 militaris
1644 2669 1704 2703 pe-

282 2703 449 2737 ritissimi.
500 2704 667 2749 deinceps
693 2705 860 2738 Paiazites
885 2704 1012 2736 timens
1039 2713 1083 2735 ne
1109 2702 1213 2735 duces
1237 2703 1292 2735 illi
1318 2703 1522 2746 Scytharum
1546 2705 1705 2750 Europae
