1774 3204
243 163 337 208 516
554 163 771 204 LAONICi
818 162 1320 204 CHALCOCONDYLAE

240 266 387 310 σιλέως
415 260 592 314 στρατὸν
631 261 825 301 τοσοῦτον
865 261 1044 312 ἐγένετο·
1112 261 1310 311 βασιλεὺς
1350 262 1396 301 δὲ
1425 259 1668 313 ἀνδράποδα

241 327 437 379 ἀγόμενος
466 325 536 376 τῆς
573 323 716 376 χώρας
757 324 830 363 ου’κ
860 324 975 376 ὀλίγα
1015 349 1067 356 -—
1101 323 1277 377 ἐπαφεὶς
1300 324 1378 377 γὰρ
1404 323 1448 365 τὸ
1474 327 1671 371 ,ἐντεῦθεν

238 390 335 437 τοὺς
367 387 650 441 ἱπποδρόμους
681 389 914 440 ἐπέδραμον
939 386 1082 441 χώραν
1123 387 1197 427 οὐκ
1227 388 1381 441 ὀλίγην,
1412 389 1484 429 καί
1515 387 1671 439 ἄνδρά-

199 455 345 497 (ῖποδα
375 451 569 505 ἀγόμενοι
598 450 816 504 ἐκέρδαινον
845 451 1015 504 μεγάλα.
1042 453 1113 492 καί
1141 449 1344 503 ὑποζύγια
1374 453 1419 492 δὲ
1452 451 1523 492 καί
1548 453 1671 493 πλέον

238 519 319 558 τῶν
346 515 474 556 εἴκοσι
506 516 738 567 μυριάδων,
765 516 915 563 ἵππους
935 514 1007 556 καί
1032 512 1136 567 βόας
1163 513 1414 570 ἐλαύνοντες,
1443 515 1465 555 ὅ
1493 517 1568 556 τοῦ
1595 518 1704 567 βαι-5

237 580 393 626 σιλέως
416 579 590 631 στρατὸς
621 580 789 633 α’φίκετο
835 580 907 620 ἐπὶ
933 579 1004 620 τόν
1021 576 1194 632 Ἴστρον.
1252 577 1296 619 τὸ
1325 582 1467 631 μέντοι
1493 578 1672 631 στρατό-

238 646 361 683 πεδον
390 644 583 683 ἐδεδοίκει
611 645 687 694 μὲν
726 641 822 689 τούς
843 643 1007 696 Δάκας,
1036 643 1156 683 οὐδὲν
1183 638 1300 696 ἧττον
1327 640 1473 697 τόλμης
1498 645 1604 695 μέγα
1633 658 1671 684 τι

234 709 621 760 ἀποδεικνυμένους,
653 708 858 758 διέβαινον
885 708 930 748 δὲ
947 706 1018 748 τὸν
1035 703 1194 758 Ἴστρον
1225 709 1389 762 σπουδῇ
1418 710 1562 763 πολλῇ.
1591 710 1672 760 βα·-

233 771 372 819 σιλεύς
416 773 462 812 δὲ
494 771 636 824 (Αλίην
674 769 741 812 τὸν
774 769 984 823 Μιχάλεω
1024 766 1196 811 ὄπισθεν
1224 772 1400 811 ἕπεσθαι
1429 773 1484 828 τῷ
1511 773 1671 825 στρατῷ

235 838 536 888 παραγγείλας,
577 834 631 882 ὥς
674 836 1080 888 ἐστρατοπεδεύσατο
1121 836 1230 886 παρά
1262 833 1332 875 τὸν
1350 829 1520 888 Ἴστρον,
1540 835 1666 888 ’Δρα-
1685 849 1728 882 10

236 898 363 954 κούλη
390 901 466 951 μὲν
496 900 562 940 τὸν
607 898 791 953 ἀδελφόν
819 898 988 939 Βλάδου
1026 900 1100 939 τοῦ
1127 897 1324 951 ἡγεμόνος
1350 901 1564 941 κατέλιπεν
1593 900 1671 941 αύ-

236 966 311 1006 τοῦ
340 965 384 1004 έν
410 966 462 1019 τῇ
498 962 616 1018 χώρᾳ
646 965 832 1014 μετιέναι
862 978 906 1003 τε
942 962 1040 1010 τούς
1067 964 1207 1009 Δάκας
1236 962 1307 1003 καὶ
1334 961 1408 1016 ὑφ’
1437 961 1552 1019 αὑτῷ
1581 979 1671 1004 ποι·

239 1032 380 1069 εἴσθαι
408 1027 484 1080 τὴν
511 1025 667 1081 χώραν,
697 1026 767 1067 καί
791 1032 985 1080 τιμωρεῖν
1022 1028 1298 1079 παραγγείλας
1326 1030 1384 1083 τῷ
1409 1026 1512 1068 κατὰ
1541 1030 1674 1070 ταῦτα

194 1092 287 1140 ῡτά
317 1094 455 1146 χωρία
496 1090 674 1147 ὑπάρχῳ
715 1091 840 1138 αὐτὸς
877 1105 919 1131 τε
959 1087 1135 1144 ἤλαυνεν
1173 1089 1278 1130 εὐθύ
1320 1091 1402 1132 τῶν
1440 1094 1674 1143 βασιλείων.

238 1156 481 1210 Δρακούλης
508 1157 584 1208 μὲν
613 1151 688 1196 οὖν
719 1152 739 1194 ὅ
770 1153 967 1207 νεώτερος
985 1157 1218 1196 ἐπεκαλεῖτο
1247 1153 1317 1195 ἕνα
1335 1157 1517 1210 ἕκαστον,
1549 1159 1677 1210 λέγων
1691 1170 1732 1203 15

241 1216 301 1261 “ui
330 1217 476 1274 ἄνδρες
504 1222 661 1270 Δᾶκες,
700 1222 745 1260 τί
785 1222 830 1260 δὲ
871 1219 1008 1261 οἴεσθε
1049 1222 1091 1267 ές
1118 1218 1164 1259 τὸ
1202 1218 1317 1260 ἐπιὸν
1347 1217 1456 1271 ὑμᾶς
1479 1219 1678 1274 ἔσεσθαι,·

243 1282 270 1341 ἢ
300 1286 375 1326 οὐκ
406 1285 543 1327 οἴδατε
570 1286 746 1337 βασιλέα
789 1282 886 1337 ὅσην
915 1299 959 1324 τε
989 1284 1167 1334 δύναμιν
1195 1282 1307 1338 ἔχει,
1346 1286 1417 1326 καί
1442 1284 1498 1332 ὥς
1529 1285 1679 1327 αὐτίκα

105 1364 232 1399 V.214
245 1350 295 1392 τά
327 1353 530 1403 βασιλέως
567 1349 856 1402 στρατεύματα
884 1350 1143 1402 προσδέξιμα
1173 1349 1272 1400 ὑμῖν
1307 1347 1444 1402 «ἔσται,Δ
1469 1348 1680 1403 δηώσοντα

243 1414 318 1469 τὴν
349 1415 505 1468 χώραν,
535 1409 583 1468 ἥν
611 1430 647 1454 τι
678 1412 903 1454 ὑπόλοιπον
931 1413 1208 1467 ‹ispanias-9023
1246 1415 1289 1454 τί
1309 1414 1360 1454 ού
1388 1415 1576 1468 γίγνεσθε
1605 1419 1682 1468 βα-

246 1485 359 1522 σιλεῖ
383 1482 524 1534 φίλοις
564 1480 636 1519 καί
677 1477 788 1520 ἔσται
817 1477 916 1529 ὑμῖν
959 1480 1099 1518 παῦλα
1139 1475 1232 1519 ἔστε
1265 1477 1340 1532 τὴν
1365 1478 1510 1534 χώραν
1541 1481 1610 1522 καὶ
1637 1482 1680 1529 ἐς
1693 1496 1739 1530 20

245 1543 344 1590 τούς
371 1542 522 1591 οἴκους.
580 1542 666 1584 ἴστε
709 1540 788 1594 γάρ
831 1542 887 1589 ὥς
929 1542 971 1582 έν
1015 1543 1069 1596 τῷ
1108 1541 1279 1594 παρόντι
1319 1538 1413 1584 οὔτε
1458 1546 1562 1594 ζῶον
1592 1539 1682 1586 οὔθ’

250 1606 473 1660 ὑποζύγιον
498 1606 747 1661 ὑπελείφθη.
802 1607 935 1646 ταῦτα
952 1607 997 1646 δὲ
1024 1607 1155 1646 πάντα
1178 1604 1247 1646 διὰ
1277 1605 1350 1648 τὸν
1371 1606 1472 1659 ἐμόν
1500 1606 1684 1663 α’δελφόν

254 1771 311 1799 re,
340 1758 433 1791 hunc
458 1763 623 1791 eventum
649 1758 775 1790 sortita
800 1763 864 1790 est.
913 1768 973 1790 rex
999 1768 1040 1790 ex
1063 1757 1239 1790 Dacorum
1265 1759 1408 1802 regione
1431 1759 1683 1805 mancipiorum

253 1804 401 1850 praedas
426 1804 554 1847 agebat
578 1815 649 1836 non
674 1803 839 1836 modicas.
887 1814 967 1835 nam
993 1804 1148 1836 immisso
1183 1805 1343 1849 equitatu
1372 1806 1525 1850 regionis
1550 1812 1683 1850 partem

254 1850 483 1895 percurrebat
506 1861 579 1882 non
605 1850 790 1882 modicam.
853 1851 991 1893 equites
1020 1851 1200 1894 capientes
1226 1851 1399 1895 mancipia
1434 1852 1582 1896 plurima
1609 1863 1684 1884 ma-

256 1898 368 1930 ximas
397 1897 464 1929 sibi
491 1907 661 1941 peperere
687 1907 782 1939 opes.
833 1896 938 1927 etiam
963 1896 1119 1928 iumenta
1151 1896 1300 1939 plurima
1325 1898 1418 1929 nacti
1442 1903 1534 1931 sunt.
1582 1909 1685 1932 exer-

260 1944 352 1976 citus
377 1944 465 1987 regis
490 1953 595 1985 agens
637 1942 729 1974 ultra
766 1941 889 1984 viginti
924 1941 1098 1984 myriades
1135 1953 1306 1986 equorum
1330 1948 1366 1975 et
1389 1943 1496 1976 boum
1520 1945 1618 1978 venit
1642 1944 1687 1977 ad

257 1991 398 2022 Istrum.
446 1994 557 2021 castra
595 1989 688 2030 regia
731 1988 912 2020 terrebant
949 1988 1086 2027 Dacos,
1121 1989 1277 2031 quamvis
1320 1999 1475 2032 magnam
1510 1989 1686 2024 audaciam

259 2041 490 2068 ostentantes.
540 2034 647 2066 Turci
676 2039 791 2066 autem
817 2045 949 2065 summa
988 2034 1167 2066 celeritate
1196 2034 1352 2067 adhibita
1376 2037 1580 2078 transgressi
1607 2042 1690 2069 sunt.

258 2082 396 2114 Istrum.
447 2092 505 2113 rex
532 2080 668 2112 Haliem
696 2079 881 2111 Michaelis
906 2080 1017 2111 filium
1035 2091 1054 2111 a
1072 2085 1168 2122 tergo
1196 2080 1362 2124 subsequi
1387 2082 1500 2119 iussit,
1525 2082 1603 2114 cum
1628 2093 1688 2115 ca-

259 2134 329 2159 stra
357 2126 400 2158 ad
423 2128 549 2159 Istrum
587 2125 772 2169 posuisset.
822 2126 1021 2164 Draculem,
1047 2126 1188 2158 fratrem
1214 2126 1312 2158 Bladi
1347 2127 1527 2171 principis,
1555 2128 1687 2162 ibidem

260 2175 296 2206 in
315 2173 456 2216 regione
476 2173 631 2216 reliquit,
657 2172 876 2216 praecipiens
902 2177 942 2204 ut
958 2172 1223 2216 colloqueretur
1238 2172 1338 2204 Dacis
1364 2178 1400 2205 et
1418 2174 1595 2216 regionem
1611 2185 1687 2206 eam

261 2219 452 2263 subigeret3
494 2223 678 2264 praeterea
703 2222 844 2249 strenue
875 2217 1058 2250 adiuvaret
1095 2218 1241 2250 istorum
1267 2218 1422 2250 locorum
1459 2219 1687 2263 praefectum.

258 2266 315 2298 >his
354 2267 402 2297 ita
443 2265 549 2308 gestis
585 2265 661 2309 ipse
696 2268 790 2296 recta
824 2263 861 2295 in
895 2264 992 2306 regni
1030 2262 1148 2295 sedem
1182 2263 1282 2295 abiit.
1341 2265 1508 2297 Dracules
1533 2265 1687 2310 quidem,

261 2311 556 2355 quemadmodum
595 2314 822 2354 praeceperat
863 2319 935 2348 rcx,
963 2320 1250 2352 unumquemque
1273 2310 1433 2348 vocabat,
1459 2311 1578 2344 dicens
1601 2312 1689 2345 “viri

261 2358 360 2398 Daci,
385 2356 473 2401 quid
499 2357 632 2401 putatis
657 2355 823 2399 deinceps
862 2354 906 2387 de
930 2355 1031 2387 vobis
1056 2354 1239 2391 futurum?
1287 2357 1432 2390 nescitis
1456 2362 1604 2402 quantas
1628 2369 1690 2390 co-

260 2405 334 2447 pias
365 2415 423 2436 rex
446 2403 597 2436 habeat?
658 2406 840 2446 praeterea
874 2402 1041 2443 ignoratis
1079 2400 1175 2444 quod
1212 2402 1325 2444 regiae
1350 2403 1473 2447 copiae
1502 2409 1691 2447 expecten-

261 2449 340 2483 tur?
389 2460 480 2494 quae
509 2449 568 2480 ubi
594 2448 744 2492 primum
770 2448 980 2479 accesserint
997 2471 1006 2486 ‚
1033 2448 1209 2489 regionem
1240 2453 1387 2480 vestram
1413 2449 1692 2493 populabuntur,

262 2501 298 2528 et
323 2496 349 2527 si
377 2495 463 2540 quid
489 2494 617 2528 residui
642 2494 770 2533 fuerit,
796 2493 968 2526 auferent.
1032 2494 1093 2537 qui
1121 2493 1160 2525 fit
1198 2498 1236 2526 ut
1261 2495 1427 2527 recusetis
1454 2495 1691 2538 regis'amici·

262 2541 377 2574 tiam?
427 2541 624 2573 efficiamini
662 2540 765 2572 amici
806 2540 906 2582 regis,
942 2544 978 2572 et
1014 2538 1094 2571 finis
1125 2539 1191 2572 erit
1231 2540 1425 2580 malorum,
1452 2546 1622 2585 quantum
1648 2535 1692 2574 ad

264 2589 442 2630 regionem
467 2592 504 2620 et
527 2587 571 2619 ad
600 2586 759 2618 aedificia
784 2586 923 2618 attinet.
989 2585 1083 2618 scitis
1112 2585 1204 2617 enim
1229 2585 1328 2618 vobis
1355 2587 1391 2619 in
1418 2588 1692 2631 praesentiarum

261 2644 380 2677 neque
398 2644 502 2676 pecus
516 2643 635 2677 neque
650 2634 843 2664 iumentum
861 2632 971 2664 ulium
986 2631 1146 2664 relictum
1161 2642 1248 2663 esse.
1261 2631 1347 2664 haec
1362 2633 1476 2665 omnia
1493 2634 1693 2676 gravissima

262 2680 356 2724 passi
381 2681 463 2712 estis
486 2685 629 2712 auctore
655 2679 762 2711 fratre
778 2679 1084 2719 meo,cuimorem
1111 2679 1276 2722 gessistis,
1295 2679 1372 2712 viro
1391 2679 1607 2724 impiissimo,
1631 2681 1692 2724 qui
