1858 3210
514 168 588 208 ΒΕ
627 167 800 208 REBUs
837 165 1090 209 'runcinis
1129 169 1176 208 L.
1204 169 1256 208 x.
1512 165 1607 215 563

137 262 334 320 σώματος
362 268 536 321 ἐκείνου,
563 267 636 309 καί
663 268 735 309 ἐπὶ
764 272 852 316 τοῖς
894 269 1124 319 μέλλουσιν
1154 265 1333 311 ἔσεσθαι
1356 269 1608 325 εὕδαιμονιῖκ

137 333 200 382 εἷς
227 335 359 375 ἐκεῖνο
389 333 433 376 τὸ
463 337 594 388 γένος,

256 402 387 441 Τοῦτο
415 401 494 452 μὲν
524 402 569 442 ἐν
602 400 820 460 Βυζαντίῳ
851 404 1049 456 γενέσθαι
1077 399 1332 454 ἐπυθόμεθα
1350 419 1360 430 ·
1397 402 1420 445 ὅ
1446 404 1494 446 δὲ
1522 406 1607 446 τῶν

137 467 284 520 θυρῶν
311 465 500 520 ἡγεμών,
551 466 608 517 ὥς
640 467 721 521 οὐχ
765 466 856 524 ὥρα
897 466 1034 510 ἐδόκει
1076 469 1190 525 αὐτῷ
1218 463 1326 510 εἶναι
1354 472 1608 523 προσβαλεῖν

78 522 124 576 ν5
137 537 232 580 ταῖς
260 530 434 586 πόλεσι,
476 535 697 575 κατέλιπεν
733 535 811 586 μὲν
854 536 900 576 ἐν
942 535 993 590 τῇ
1025 533 1200 591 Σπάρτῃ
1225 534 1390 590 Ὀμάρη
1417 536 1490 578 καί
1515 534 1607 590 ἅμα

137 599 252 655 αὐτῷ
294 597 475 655 Ἀσάνη,
518 599 575 649 ὥς
618 602 769 655 λόγους
800 616 846 641 τε
877 601 919 650 ἐς
961 598 1062 648 τούς
1086 598 1359 654 Σπαρτιάτας
1389 605 1605 654 πέμποιεν.
1619 609 1735 643 P.301

134 669 208 708 καί
243 665 586 722 ὑποστρέψαντες
625 668 670 716 ἐς
711 667 764 708 τοὶ
802 668 935 709 οἰκεῖα
977 664 1059 708 ἀπό
1087 681 1130 708 τε
1170 668 1246 709 τοῦ
1290 667 1504 722 Ταινάρου
1534 672 1608 711 καί

128 732 387 786 Ἐπιδαύρου
429 736 502 774 καί
539 735 623 774 τῶν
662 729 802 775 ἄλλων
831 733 1031 788 χωρίων,
1071 734 1142 775 ἵνα
1180 735 1330 775 αύτίκα
1368 733 1605 787 πυθόμενοι

132 799 232 848 τούς
263 799 496 848 Ουένετούς
523 798 705 841 ἐκλιπεῖν
732 799 800 842 τὸν
825 799 1017 854 Ἰσθμόν,
1050 799 1122 842 καί
1152 802 1390 843 διενοοῦντο
1419 800 1605 851 ἐπιόντες

77 874 122 910 10
136 863 174 908 οἱ
202 868 279 907 τοῦ
323 864 517 921 ἡγεμόνος
558 864 822 919 α’μύνασθαι.
895 861 1010 909 οὗτοι
1050 870 1130 921 μὲν
1167 862 1242 909 οὖν
1281 869 1533 924 ἀφικόμενοι
1562 871 1606 918 ἐς

40 932 41 935 ’
132 931 206 987 τὴν
235 930 432 987 Σπάρτην
459 931 610 986 λόγους
639 948 683 975 τε
711 938 798 980 τοῖς
818 932 1106 988 Σπαρτιάταις
1128 936 1407 990 προσέφερον,
1438 938 1516 977 καί
1540 951 1603 977 τι·

131 1014 207 1047 νας
235 996 280 1040 ἐν
312 1002 508 1052 ἐρυμνοῖς
535 1000 674 1041 αὕτοῦ
695 999 827 1055 ταύτῃ
856 994 982 1050 ὄντας
1012 1002 1232 1050 πείσαντες
1262 1001 1495 1059 κατῴκισαν
1524 998 1606 1044 αὖ·

132 1067 205 1114 &tc
246 1060 290 1115 ἒς
326 1063 402 1119 τὴν
439 1063 575 1107 πόλιν.
643 1067 717 1107 καί
752 1072 838 1116 τοῖς
881 1067 927 1108 ἐν
961 1067 1157 1125 Ταινάρῳ
1194 1067 1268 1109 καί
1291 1070 1344 1125 τῇ
1373 1070 1606 1125 Λακωνικῇ

133 1133 308 1184 πέμπων
337 1130 358 1173 ὃ
379 1129 563 1187 Ἀσάνης
589 1132 831 1187 παρεκάλει,
864 1137 994 1188 λέγων
1013 1133 1126 1176 τάδε.
1183 1131 1362 1190 “ιἰ’νὸ“ρες
1383 1137 1604 1191 Σπαρτιᾶ.

79 1207 217 1252 15ται,
247 1195 373 1252 ὁρᾶτε
415 1199 549 1253 δήπου
589 1195 658 1242 οἷα
695 1198 746 1240 τὰ
783 1199 997 1242 Οὖενετιόν
1037 1200 1266 1256 πράγματα
1294 1202 1601 1256 κατενήνεκται,

132 1264 178 1314 ἐξ
205 1259 305 1306 ὅτου
337 1265 518 1318 πόλεμον
563 1269 738 1318 βασιλεῖ
758 1266 1059 1321 ἀναιρούμενοι
1095 1270 1294 1323 ἐνταῦθα,
1323 1270 1392 1311 ἵνα
1422 1269 1495 1323 τῆς
1525 1271 1602 1310 δυ-

131 1329 297 1384 νάμεως
318 1330 462 1373 αὕτῶν
492 1335 601 1386 μέγα
632 1335 761 1387 μέρος
789 1334 1059 1384 ἐπιδείξαινῦ
1088 1332 1139 1376 ἂν
1171 1331 1356 1388 μα’λιστα
1386 1339 1429 1378 ἐν
1461 1339 1642 1378 Πελο-Β

130 1397 333 1455 ποννὴσῳ,
361 1396 419 1447 αἶς
449 1398 713 1454 ἐτελεύτησεν
747 1398 865 1456 αὐτῷ
891 1397 944 1441 uk
993 1401 1093 1454 περί
1118 1399 1191 1442 τόν
1213 1398 1396 1454 Ἰσθμὸν
1422 1401 1496 1451 καί
1528 1396 1603 1443 ἆλ-

131 1469 208 1520 λην
238 1465 386 1520 χώραν
413 1468 488 1520 τῆς
517 1465 864 1520 Πελοποννήσου,
892 1464 998 1508 ἔνθα
1029 1470 1107 1509 τοῦ
1129 1469 1337 1520 βασιλέως
1367 1465 1391 1522 ἦ
1423 1469 1603 1520 δύναμις

72 1533 320 1575 ἳθέκποὸών
360 1548 406 1575 τε
441 1531 694 1590 ἀπῴκισται,
739 1535 812 1574 καί
857 1533 998 1575 αὐταῖν
1035 1549 1083 1588 γε
1127 1535 1174 1576 δὲ
1220 1537 1302 1576 ταῖν
1335 1535 1602 1589 Ουένετιὸνῆ

132 1597 316 1651 δύναμις
343 1596 386 1648 ἒς
415 1598 464 1640 τοὶ
494 1599 679 1652 μάλιστα
714 1594 952 1654 ἤθροισται.
1009 1600 1049 1641 εἰ
1073 1600 1155 1654 γὰρ
1185 1599 1259 1641 τὸν
1289 1604 1499 1653 βασιλέως
1528 1604 1604 1643 θε-

130 1665 315 1722 ράποντα
345 1663 515 1708 ἐπιόντα
543 1668 693 1722 σφίσιν
724 1666 806 1719 οὐχ
836 1661 980 1708 οἷοίτε
1008 1668 1196 1720 ἐγένοντο
1227 1669 1447 1721 δέξασθαι,
1480 1670 1521 1710 τί
1551 1662 1604 1710 όῖν

228 1778 284 1811 12.
310 1778 533 1824 κακῴκησαν
552 1778 575 1810 Ρ

132 1899 210 1921 esse
234 1897 340 1921 omen
367 1887 543 1919 maxinme
569 1885 768 1926 felicitatis,
794 1898 887 1932 qnae
912 1887 1183 1932 apprehensura
1208 1889 1255 1922 sit
1279 1899 1357 1922 eam
1382 1895 1525 1934 gentem
1554 1901 1598 1924 ex

132 1946 205 1982 qua
231 1933 323 1967 illud
346 1933 495 1966 cadaver
523 1933 721 1966 descendit.

227 1983 303 2015 Hoc
329 1979 475 2026 quidem
508 1979 668 2026 Byzantii
695 1980 888 2024 contigisse
923 1981 1135 2014 audivimus.
1199 1982 1386 2015 ianuarum
1424 1982 1496 2016 dux
1534 1984 1597 2017 ubi

133 2028 388 2062 animadvertit
410 2039 535 2072 parum
563 2033 808 2072 opportunum
848 2039 924 2060 esse
954 2028 1059 2061 nrbes
1085 2039 1306 2073 oppugnare,
1332 2031 1482 2075 Spartae
1511 2032 1597 2064 reli·

133 2078 215 2123 quit
241 2076 406 2109 Omarem
433 2081 470 2107 et
497 2075 659 2116 Asanem,
687 2081 726 2108 ut
751 2075 974 2120 colloquium
1013 2075 1192 2108 haberent
1217 2087 1297 2109 cum
1332 2077 1529 2122 Spartanis.
1561 2077 1598 2111 hi

133 2124 254 2164 enim,
281 2122 342 2155 uhi
371 2122 628 2155 intellexerant
659 2122 815 2155 venetos
850 2122 985 2155 Isthmo
1021 2122 1233 2162 decessisse,
1271 2124 1315 2156 ab
1356 2125 1523 2158 Taenaro
1562 2132 1599 2159 et

133 2170 315 2217 Epidauro
340 2175 378 2203 et
403 2169 446 2202 ab
481 2170 561 2201 aliis
590 2169 678 2202 locis
708 2169 754 2202 ad
789 2180 851 2201 sua
878 2170 1008 2203 reversi
1046 2170 1270 2204 conabantur
1298 2183 1359 2204 sua
1383 2171 1595 2205 defendere.

133 2223 171 2251 at
197 2219 252 2251 illi
277 2218 440 2262 Spartam
466 2217 652 2249 venientes
678 2227 877 2248 sermonem
903 2228 982 2250 cum
1011 2217 1196 2261 Spartanis
1222 2218 1392 2251 habuere.
1443 2220 1597 2265 quibus-

133 2265 215 2298 dam
241 2266 362 2304 etiarn,
387 2264 450 2309 qni
477 2264 513 2296 in
539 2263 627 2295 locis
652 2264 901 2296 munitissimis
928 2275 964 2296 se
989 2264 1176 2304 tenebant,
1207 2276 1416 2310 persuasere
1437 2273 1477 2299 ut
1503 2267 1598 2300 redi-

134 2317 217 2346 rent
239 2312 276 2344 in
303 2311 438 2344 urbem.
488 2317 668 2344 caeterum
694 2311 841 2344 mittens
868 2311 1001 2344 Asanes
1037 2310 1082 2344 ad
1114 2323 1175 2344 eos
1205 2313 1266 2355 qui
1299 2313 1533 2346 versabantur
1558 2315 1596 2347 in

133 2360 300 2397 Taenaro
326 2364 362 2391 et
392 2358 566 2398 Laconia,
603 2359 655 2390 sie
682 2369 742 2390 eos
780 2356 992 2391 adhortatus
1019 2364 1083 2391 est.
1133 2358 1228 2391 “viri
1257 2359 1437 2403 Spartani,
1465 2361 1595 2394 videtis

133 2407 318 2444 nimirum,
342 2405 410 2437 nisi
450 2405 546 2437 caeci
575 2407 672 2445 estis,
699 2416 771 2450 qno
803 2406 873 2438 loci
900 2405 1123 2438 Venetorum
1166 2416 1219 2438 res
1247 2407 1413 2439 redactae
1441 2409 1524 2447 siut,
1551 2419 1595 2440 ex

133 2465 206 2498 quo
232 2452 369 2486 bellum
406 2452 478 2494 regi
521 2451 730 2485 indixerunt
763 2457 799 2485 et
840 2453 1026 2485 maximam
1063 2454 1248 2497 potentiae
1278 2465 1363 2486 suae
1389 2455 1594 2498 partemin

131 2501 383 2546 Peloponneso
417 2504 654 2532 ostentarunt.
703 2505 890 2544 praeterea
917 2500 1014 2532 hand
1040 2511 1102 2532 vos
1137 2499 1229 2542 sugit
1260 2500 1347 2545 quid
1372 2501 1409 2533 in
1445 2502 1592 2542 Isthmo,

134 2554 172 2582 et
195 2548 233 2580 in
259 2547 398 2590 reliqna
427 2546 665 2588 Peloponnesi
692 2547 839 2590 regione
858 2548 902 2580 iis
927 2546 1107 2586 acciderit,
1133 2548 1292 2591 quamvis
1320 2550 1438 2590 regiae
1466 2549 1593 2593 copiae

134 2606 240 2640 quam
276 2592 484 2636 longissime
522 2591 658 2626 fuerint
699 2599 880 2634 remotae,
919 2599 955 2627 et
993 2595 1061 2639 ipsi
1092 2605 1197 2639 quam
1238 2595 1392 2627 maxime
1418 2595 1455 2628 in
1484 2607 1591 2628 [inrum

132 2641 290 2675 collecti.
340 2640 367 2672 si
399 2640 532 2683 regium
561 2650 703 2672 servum
719 2640 904 2674 hostiliter
927 2640 1118 2673 adeuntem
1144 2641 1320 2674 sustinere
1338 2643 1591 2687 nequiverunt,

133 2687 223 2735 quid
252 2689 409 2720 futurum
435 2693 522 2727 erat,
547 2687 575 2718 si
605 2698 664 2718 rex
691 2688 767 2732 ipse
799 2699 869 2720 una
895 2699 974 2720 cum
999 2688 1113 2720 ianuis
1138 2688 1174 2720 in
1204 2688 1493 2733 Peloponnesum
1521 2691 1589 2723 im·-

132 2741 255 2781 petum
281 2727 471 2768 dedis'set?
520 2732 683 2779 profecto
722 2734 844 2767 nullus
886 2734 983 2768 locus
1009 2735 1046 2768 in
1079 2734 1326 2780 Peloponneso
1353 2736 1480 2771 fuisset
1502 2738 1588 2771 reli-
