<?xml version="1.0" encoding="UTF-8"?>
<!DOCTYPE html PUBLIC "-//W3C//DTD XHTML 1.0 Transitional//EN"
    "http://www.w3.org/TR/xhtml1/DTD/xhtml1-transitional.dtd">
<html xmlns="http://www.w3.org/1999/xhtml" xml:lang="en" lang="en">
 <head>
  <title>
</title>
<meta http-equiv="Content-Type" content="text/html;charset=utf-8" />
  <meta name='ocr-system' content='tesseract 3.04.00' />
  <meta name='ocr-capabilities' content='ocr_page ocr_carea ocr_par ocr_line ocrx_word'/>
</head>
<body>
  <div class='ocr_page' id='page_1' title='image "./corpusscriptorum32niebuoft_0162.png"; bbox 0 0 1800 3172; ppageno 0'>
   <div class='ocr_carea' id='block_1_1' title="bbox 285 201 1375 250">
    <p class='ocr_par' dir='ltr' id='par_1_1' title="bbox 285 201 1375 250">
     <span class='ocr_line' id='line_1_1' title="bbox 285 201 1375 250; baseline 0.007 -8"><span class='ocrx_word' id='word_1_1' title='bbox 285 201 375 243; x_wconf 78' lang='lat'>150</span> <span class='ocrx_word' id='word_1_2' title='bbox 606 205 823 247; x_wconf 75' lang='lat' dir='ltr'>LAONlCl</span> <span class='ocrx_word' id='word_1_3' title='bbox 864 206 1375 250; x_wconf 79' lang='lat' dir='ltr'>CHALCOCONDYLAE</span> 
     </span>
    </p>
   </div>
   <div class='ocr_carea' id='block_1_2' title="bbox 226 301 1763 1719">
    <p class='ocr_par' dir='ltr' id='par_1_2' title="bbox 226 301 1763 1719">
     <span class='ocr_line' id='line_1_2' title="bbox 279 301 1759 363; baseline 0.009 -22"><span class='ocrx_word' id='word_1_4' title='bbox 279 301 397 355; x_wconf 74' lang='grc' dir='ltr'><em>ρειάν</em></span> <span class='ocrx_word' id='word_1_5' title='bbox 436 302 493 342; x_wconf 74' lang='grc' dir='ltr'><em>δι’</em></span> <span class='ocrx_word' id='word_1_6' title='bbox 538 302 678 356; x_wconf 77' lang='grc' dir='ltr'><em>ὀλίγου</em></span> <span class='ocrx_word' id='word_1_7' title='bbox 715 302 864 354; x_wconf 80' lang='grc' dir='ltr'><em>ἔκαμνέ</em></span> <span class='ocrx_word' id='word_1_8' title='bbox 898 320 942 346; x_wconf 83' lang='grc' dir='ltr'>τε</span> <span class='ocrx_word' id='word_1_9' title='bbox 981 307 1174 358; x_wconf 77' lang='grc' dir='ltr'><em>χαλεπαῖς</em></span> <span class='ocrx_word' id='word_1_10' title='bbox 1217 309 1426 362; x_wconf 78' lang='grc' dir='ltr'><em>φέροντα,</em></span> <span class='ocrx_word' id='word_1_11' title='bbox 1459 312 1531 351; x_wconf 81' lang='grc' dir='ltr'><strong><em>καί</em></strong></span> <span class='ocrx_word' id='word_1_12' title='bbox 1558 305 1711 363; x_wconf 76' lang='grc' dir='ltr'><em>ἤχθετο</em></span> <span class='ocrx_word' id='word_1_13' title='bbox 1755 350 1759 355; x_wconf 89' lang='grc'><em>,</em></span> 
     </span>
     <span class='ocr_line' id='line_1_3' title="bbox 279 363 1710 430; baseline 0.006 -23"><span class='ocrx_word' id='word_1_14' title='bbox 279 367 390 423; x_wconf 74' lang='grc' dir='ltr'><em>αὐτῷ</em></span> <span class='ocrx_word' id='word_1_15' title='bbox 421 363 482 407; x_wconf 78' lang='grc' dir='ltr'>ὅτι</span> <span class='ocrx_word' id='word_1_16' title='bbox 510 366 567 419; x_wconf 73' lang='grc' dir='ltr'>μή</span> <span class='ocrx_word' id='word_1_17' title='bbox 597 368 641 408; x_wconf 78' lang='grc' dir='ltr'>ἐν</span> <span class='ocrx_word' id='word_1_18' title='bbox 670 368 802 408; x_wconf 78' lang='grc' dir='ltr'><em>δέοντι</em></span> <span class='ocrx_word' id='word_1_19' title='bbox 827 368 1031 422; x_wconf 74' lang='grc' dir='ltr'><em>χρήσαιτο</em></span> <span class='ocrx_word' id='word_1_20' title='bbox 1051 372 1100 424; x_wconf 81' lang='grc' dir='ltr'>τῇ</span> <span class='ocrx_word' id='word_1_21' title='bbox 1123 369 1281 411; x_wconf 70' lang='grc' dir='ltr'><em>ἑαυτοῦ</em></span> <span class='ocrx_word' id='word_1_22' title='bbox 1297 371 1445 430; x_wconf 72' lang='grc' dir='ltr'><em>τόλμᾳ.</em></span> <span class='ocrx_word' id='word_1_23' title='bbox 1501 376 1710 427; x_wconf 80' lang='grc' dir='ltr'><em>ξυνέβαινε</em></span> 
     </span>
     <span class='ocr_line' id='line_1_4' title="bbox 279 429 1712 491; baseline 0.005 -19"><span class='ocrx_word' id='word_1_24' title='bbox 279 433 324 472; x_wconf 76' lang='grc' dir='ltr'>δὲ</span> <span class='ocrx_word' id='word_1_25' title='bbox 351 431 423 471; x_wconf 86' lang='grc' dir='ltr'><em>καί</em></span> <span class='ocrx_word' id='word_1_26' title='bbox 447 429 493 470; x_wconf 82' lang='grc' dir='ltr'>τὸ</span> <span class='ocrx_word' id='word_1_27' title='bbox 533 432 681 485; x_wconf 75' lang='grc' dir='ltr'><em>μηδενί</em></span> <span class='ocrx_word' id='word_1_28' title='bbox 719 434 950 486; x_wconf 78' lang='grc' dir='ltr'><em>ἐπιτρέπειν</em></span> <span class='ocrx_word' id='word_1_29' title='bbox 996 435 1070 474; x_wconf 83' lang='grc' dir='ltr'>τοῦ</span> <span class='ocrx_word' id='word_1_30' title='bbox 1111 436 1294 485; x_wconf 74' lang='grc' dir='ltr'><em>στρατοῦ</em></span> <span class='ocrx_word' id='word_1_31' title='bbox 1337 435 1408 477; x_wconf 59' lang='lat' dir='ltr'>{ni</span> <span class='ocrx_word' id='word_1_32' title='bbox 1445 436 1602 491; x_wconf 67' lang='grc' dir='ltr'><em>πυρούς</em></span> <span class='ocrx_word' id='word_1_33' title='bbox 1642 442 1712 481; x_wconf 77' lang='grc' dir='ltr'>καί</span> 
     </span>
     <span class='ocr_line' id='line_1_5' title="bbox 280 493 1711 556; baseline 0.005 -20"><span class='ocrx_word' id='word_1_34' title='bbox 280 494 432 549; x_wconf 78' lang='grc' dir='ltr'><em>κριθὰς</em></span> <span class='ocrx_word' id='word_1_35' title='bbox 461 498 532 537; x_wconf 85' lang='grc' dir='ltr'>ἐπί</span> <span class='ocrx_word' id='word_1_36' title='bbox 554 496 767 550; x_wconf 81' lang='grc' dir='ltr'><em>Προύσης,</em></span> <span class='ocrx_word' id='word_1_37' title='bbox 797 494 886 550; x_wconf 71' lang='grc' dir='ltr'><em>(ὅρα</em></span> <span class='ocrx_word' id='word_1_38' title='bbox 914 493 964 551; x_wconf 75' lang='grc' dir='ltr'>ἦν</span> <span class='ocrx_word' id='word_1_39' title='bbox 995 497 1277 551; x_wconf 77' lang='grc' dir='ltr'><em>παραβάλλειν</em></span> <span class='ocrx_word' id='word_1_40' title='bbox 1304 499 1376 540; x_wconf 85' lang='grc' dir='ltr'>τὸν</span> <span class='ocrx_word' id='word_1_41' title='bbox 1405 500 1555 556; x_wconf 74' lang='grc' dir='ltr'><em>ἵππον,</em></span> <span class='ocrx_word' id='word_1_42' title='bbox 1581 508 1711 555; x_wconf 81' lang='grc' dir='ltr'><em>χαλε-</em></span> 
     </span>
     <span class='ocr_line' id='line_1_6' title="bbox 276 562 1742 621; baseline 0.004 -20"><span class='ocrx_word' id='word_1_43' title='bbox 276 563 435 602; x_wconf 82' lang='grc' dir='ltr'><em>παίνειν</em></span> <span class='ocrx_word' id='word_1_44' title='bbox 460 576 504 602; x_wconf 89' lang='grc' dir='ltr'>τε</span> <span class='ocrx_word' id='word_1_45' title='bbox 543 562 658 617; x_wconf 71' lang='grc' dir='ltr'><em>αὐτῷ</em></span> <span class='ocrx_word' id='word_1_46' title='bbox 698 562 748 602; x_wconf 79' lang='grc' dir='ltr'>τὰ</span> <span class='ocrx_word' id='word_1_47' title='bbox 777 563 1067 615; x_wconf 79' lang='grc' dir='ltr'><em>στρατεύματα</em></span> <span class='ocrx_word' id='word_1_48' title='bbox 1102 563 1174 604; x_wconf 82' lang='grc' dir='ltr'><em>καί</em></span> <span class='ocrx_word' id='word_1_49' title='bbox 1197 563 1482 618; x_wconf 74' lang='grc' dir='ltr'><em>ἀπαγορεύειν.</em></span> <span class='ocrx_word' id='word_1_50' title='bbox 1541 567 1742 621; x_wconf 68' lang='grc' dir='ltr'><em>ἀπειρη-5</em></span> 
     </span>
     <span class='ocr_line' id='line_1_7' title="bbox 276 625 1710 681; baseline 0.005 -15"><span class='ocrx_word' id='word_1_51' title='bbox 276 642 346 666; x_wconf 89' lang='grc' dir='ltr'>ται</span> <span class='ocrx_word' id='word_1_52' title='bbox 374 625 454 679; x_wconf 78' lang='grc' dir='ltr'><em>γὰρ</em></span> <span class='ocrx_word' id='word_1_53' title='bbox 483 627 631 680; x_wconf 75' lang='grc' dir='ltr'><em>μηδενί</em></span> <span class='ocrx_word' id='word_1_54' title='bbox 657 625 806 677; x_wconf 78' lang='grc' dir='ltr'><em>ἐξεῖναι</em></span> <span class='ocrx_word' id='word_1_55' title='bbox 851 628 910 675; x_wconf 84' lang='grc' dir='ltr'><em>εἰς</em></span> <span class='ocrx_word' id='word_1_56' title='bbox 939 626 1098 681; x_wconf 70' lang='grc' dir='ltr'><em>πυρούς</em></span> <span class='ocrx_word' id='word_1_57' title='bbox 1138 629 1332 669; x_wconf 78' lang='grc' dir='ltr'><em>εἰσιέναι·</em></span> <span class='ocrx_word' id='word_1_58' title='bbox 1398 626 1446 671; x_wconf 72' lang='grc' dir='ltr'>ὅν</span> <span class='ocrx_word' id='word_1_59' title='bbox 1474 646 1569 671; x_wconf 90' lang='grc' dir='ltr'><em>τινα</em></span> <span class='ocrx_word' id='word_1_60' title='bbox 1597 633 1632 672; x_wconf 81' lang='lat'>‹5&#39;</span> <span class='ocrx_word' id='word_1_61' title='bbox 1659 628 1710 673; x_wconf 72' lang='grc' dir='ltr'>ἂν</span> 
     </span>
     <span class='ocr_line' id='line_1_8' title="bbox 276 689 1710 750; baseline 0.003 -18"><span class='ocrx_word' id='word_1_62' title='bbox 276 692 396 743; x_wconf 77' lang='grc' dir='ltr'><em>λάβοι</em></span> <span class='ocrx_word' id='word_1_63' title='bbox 425 689 693 746; x_wconf 70' lang='grc' dir='ltr'><em>εἰσελθόντα,</em></span> <span class='ocrx_word' id='word_1_64' title='bbox 734 693 983 744; x_wconf 78' lang='grc' dir='ltr'><em>ἐτιμωρεῖτο.</em></span> <span class='ocrx_word' id='word_1_65' title='bbox 1050 694 1212 744; x_wconf 81' lang='grc' dir='ltr'><em>λέγεται</em></span> <span class='ocrx_word' id='word_1_66' title='bbox 1252 695 1298 734; x_wconf 78' lang='grc' dir='ltr'>δὲ</span> <span class='ocrx_word' id='word_1_67' title='bbox 1330 691 1444 750; x_wconf 70' lang='grc' dir='ltr'><em>αὑτῷ</em></span> <span class='ocrx_word' id='word_1_68' title='bbox 1468 692 1710 747; x_wconf 81' lang='grc' dir='ltr'><em>ἐστρατοπε-</em></span> 
     </span>
     <span class='ocr_line' id='line_1_9' title="bbox 238 755 1708 811; baseline 0.003 -14"><span class='ocrx_word' id='word_1_69' title='bbox 238 759 460 811; x_wconf 76' lang='grc' dir='ltr'><em>(Ξδευμένῳ</em></span> <span class='ocrx_word' id='word_1_70' title='bbox 498 757 594 808; x_wconf 87' lang='grc' dir='ltr'>περί</span> <span class='ocrx_word' id='word_1_71' title='bbox 626 755 931 797; x_wconf 71' lang='grc' dir='ltr'><em>Καππαδοκίαν</em></span> <span class='ocrx_word' id='word_1_72' title='bbox 971 759 1135 808; x_wconf 77' lang='grc' dir='ltr'><em>πνεῦμα</em></span> <span class='ocrx_word' id='word_1_73' title='bbox 1162 757 1426 810; x_wconf 87' lang='grc' dir='ltr'><em>βιαιότατον,</em></span> <span class='ocrx_word' id='word_1_74' title='bbox 1457 761 1708 801; x_wconf 79' lang='grc' dir='ltr'><em>ἑπιπνεῦσαν</em></span> 
     </span>
     <span class='ocr_line' id='line_1_10' title="bbox 275 819 1706 875; baseline 0.002 -13"><span class='ocrx_word' id='word_1_75' title='bbox 275 823 333 875; x_wconf 68' lang='grc' dir='ltr'>τῷ</span> <span class='ocrx_word' id='word_1_76' title='bbox 358 821 639 873; x_wconf 79' lang='grc' dir='ltr'><em>στρατεύματι</em></span> <span class='ocrx_word' id='word_1_77' title='bbox 660 823 802 872; x_wconf 70' lang='grc' dir='ltr'><em>αὐτοῦ,</em></span> <span class='ocrx_word' id='word_1_78' title='bbox 825 819 896 868; x_wconf 76' lang='grc' dir='ltr'>τάς</span> <span class='ocrx_word' id='word_1_79' title='bbox 924 836 968 861; x_wconf 88' lang='grc' dir='ltr'>τε</span> <span class='ocrx_word' id='word_1_80' title='bbox 989 820 1137 874; x_wconf 76' lang='grc' dir='ltr'><em>σκηνὰς</em></span> <span class='ocrx_word' id='word_1_81' title='bbox 1166 819 1488 875; x_wconf 75' lang='grc' dir='ltr'><em>ἀπενεγκάμενον</em></span> <span class='ocrx_word' id='word_1_82' title='bbox 1507 825 1579 865; x_wconf 74' lang='grc' dir='ltr'><em>ἐπὶ</em></span> <span class='ocrx_word' id='word_1_83' title='bbox 1604 822 1706 865; x_wconf 71' lang='grc' dir='ltr'><em>πολι)</em></span> 
     </span>
     <span class='ocr_line' id='line_1_11' title="bbox 275 882 1763 940; baseline 0.005 -16"><span class='ocrx_word' id='word_1_84' title='bbox 275 882 517 926; x_wconf 73' lang='grc' dir='ltr'><em>ἀποσπάσαι</em></span> <span class='ocrx_word' id='word_1_85' title='bbox 546 887 616 925; x_wconf 84' lang='grc' dir='ltr'><em>καί</em></span> <span class='ocrx_word' id='word_1_86' title='bbox 640 884 872 937; x_wconf 79' lang='grc' dir='ltr'><em>μετεώρους</em></span> <span class='ocrx_word' id='word_1_87' title='bbox 902 886 1176 939; x_wconf 82' lang='grc' dir='ltr'><em>ποιησάμενον</em></span> <span class='ocrx_word' id='word_1_88' title='bbox 1203 890 1464 940; x_wconf 83' lang='grc' dir='ltr'><em>καταβαλεῖν,</em></span> <span class='ocrx_word' id='word_1_89' title='bbox 1488 888 1560 930; x_wconf 80' lang='grc' dir='ltr'>καὶ</span> <span class='ocrx_word' id='word_1_90' title='bbox 1586 892 1706 930; x_wconf 83' lang='grc' dir='ltr'><em>τοῦτο</em></span> <span class='ocrx_word' id='word_1_91' title='bbox 1722 899 1763 933; x_wconf 86' lang='grc'>10</span> 
     </span>
     <span class='ocr_line' id='line_1_12' title="bbox 274 948 1706 1006; baseline 0.003 -16"><span class='ocrx_word' id='word_1_92' title='bbox 274 953 362 991; x_wconf 86' lang='grc' dir='ltr'><em>κατ’</em></span> <span class='ocrx_word' id='word_1_93' title='bbox 390 951 520 990; x_wconf 58' lang='lat' dir='ltr'>aczo&amp;</span> <span class='ocrx_word' id='word_1_94' title='bbox 547 952 740 1002; x_wconf 73' lang='grc' dir='ltr'><em>γενέσθαι</em></span> <span class='ocrx_word' id='word_1_95' title='bbox 770 948 916 991; x_wconf 82' lang='grc' dir='ltr'><em>οἰωνὸν</em></span> <span class='ocrx_word' id='word_1_96' title='bbox 957 951 1015 998; x_wconf 85' lang='grc' dir='ltr'><em>εἰς</em></span> <span class='ocrx_word' id='word_1_97' title='bbox 1057 949 1106 991; x_wconf 80' lang='grc' dir='ltr'>τοὶ</span> <span class='ocrx_word' id='word_1_98' title='bbox 1148 950 1452 1004; x_wconf 81' lang='grc' dir='ltr'><em>στρατεύματα.</em></span> <span class='ocrx_word' id='word_1_99' title='bbox 1514 953 1617 1006; x_wconf 75' lang='grc' dir='ltr'><em>μετὰ</em></span> <span class='ocrx_word' id='word_1_100' title='bbox 1661 955 1706 994; x_wconf 81' lang='grc' dir='ltr'>δὲ</span> 
     </span>
     <span class='ocr_line' id='line_1_13' title="bbox 272 1011 1707 1071; baseline 0.003 -17"><span class='ocrx_word' id='word_1_101' title='bbox 272 1015 406 1054; x_wconf 76' lang='grc' dir='ltr'><em>ταῦτα</em></span> <span class='ocrx_word' id='word_1_102' title='bbox 451 1011 506 1061; x_wconf 76' lang='grc' dir='ltr'>ὥς</span> <span class='ocrx_word' id='word_1_103' title='bbox 548 1012 811 1055; x_wconf 80' lang='grc' dir='ltr'><em>ε’πελαύνοντι</em></span> <span class='ocrx_word' id='word_1_104' title='bbox 850 1016 921 1055; x_wconf 71' lang='grc' dir='ltr'>ἐπὶ</span> <span class='ocrx_word' id='word_1_105' title='bbox 963 1013 1037 1068; x_wconf 63' lang='grc' dir='ltr'>τὸν</span> <span class='ocrx_word' id='word_1_106' title='bbox 1069 1017 1259 1068; x_wconf 71' lang='grc' dir='ltr'><em>Φρυγίαν</em></span> <span class='ocrx_word' id='word_1_107' title='bbox 1288 1015 1516 1070; x_wconf 77' lang='grc' dir='ltr'><em>ἐσκήνωτο,</em></span> <span class='ocrx_word' id='word_1_108' title='bbox 1560 1016 1635 1071; x_wconf 81' lang='grc' dir='ltr'>τήν</span> <span class='ocrx_word' id='word_1_109' title='bbox 1663 1033 1707 1058; x_wconf 80' lang='grc' dir='ltr'>τε</span> 
     </span>
     <span class='ocr_line' id='line_1_14' title="bbox 271 1077 1707 1136; baseline 0.004 -18"><span class='ocrx_word' id='word_1_110' title='bbox 271 1077 426 1132; x_wconf 73' lang='grc' dir='ltr'><em>σκηνήν</em></span> <span class='ocrx_word' id='word_1_111' title='bbox 453 1079 587 1119; x_wconf 78' lang='grc' dir='ltr'><em>αὐτοῦ</em></span> <span class='ocrx_word' id='word_1_112' title='bbox 629 1077 671 1126; x_wconf 79' lang='grc' dir='ltr'>ἐς</span> <span class='ocrx_word' id='word_1_113' title='bbox 699 1078 789 1131; x_wconf 78' lang='grc' dir='ltr'><em>τρίς</em></span> <span class='ocrx_word' id='word_1_114' title='bbox 819 1082 1153 1133; x_wconf 82' lang='grc' dir='ltr'><em>συστησαμένους</em></span> <span class='ocrx_word' id='word_1_115' title='bbox 1187 1079 1283 1128; x_wconf 79' lang='grc' dir='ltr'>τούς</span> <span class='ocrx_word' id='word_1_116' title='bbox 1312 1082 1420 1136; x_wconf 74' lang='grc' dir='ltr'><em>ἄμφ’</em></span> <span class='ocrx_word' id='word_1_117' title='bbox 1447 1081 1578 1124; x_wconf 70' lang='grc' dir='ltr'><em>αὐτὸν</em></span> <span class='ocrx_word' id='word_1_118' title='bbox 1607 1089 1707 1124; x_wconf 86' lang='grc' dir='ltr'>παῖ-</span> 
     </span>
     <span class='ocr_line' id='line_1_15' title="bbox 271 1143 1705 1201; baseline 0.003 -18"><span class='ocrx_word' id='word_1_119' title='bbox 271 1145 359 1196; x_wconf 73' lang='grc' dir='ltr'><em>(ἳας,</em></span> <span class='ocrx_word' id='word_1_120' title='bbox 389 1143 622 1196; x_wconf 71' lang='grc' dir='ltr'><em>αὐτόματον</em></span> <span class='ocrx_word' id='word_1_121' title='bbox 645 1147 867 1196; x_wconf 71' lang='grc' dir='ltr'><em>πεσοῦσαν,</em></span> <span class='ocrx_word' id='word_1_122' title='bbox 898 1144 941 1185; x_wconf 83' lang='grc' dir='ltr'><em>εἴ</em></span> <span class='ocrx_word' id='word_1_123' title='bbox 962 1160 1003 1184; x_wconf 85' lang='grc' dir='ltr'>τε</span> <span class='ocrx_word' id='word_1_124' title='bbox 1034 1146 1104 1198; x_wconf 77' lang='grc' dir='ltr'>τῆς</span> <span class='ocrx_word' id='word_1_125' title='bbox 1131 1146 1204 1198; x_wconf 79' lang='grc' dir='ltr'>γῆς</span> <span class='ocrx_word' id='word_1_126' title='bbox 1234 1144 1293 1198; x_wconf 69' lang='grc' dir='ltr'>μὴ</span> <span class='ocrx_word' id='word_1_127' title='bbox 1325 1147 1554 1201; x_wconf 80' lang='grc' dir='ltr'><em>δυναμένης</em></span> <span class='ocrx_word' id='word_1_128' title='bbox 1586 1149 1705 1188; x_wconf 83' lang='grc' dir='ltr'><em>κατέ-</em></span> 
     </span>
     <span class='ocr_line' id='line_1_16' title="bbox 268 1205 1762 1266; baseline 0.003 -18"><span class='ocrx_word' id='word_1_129' title='bbox 268 1224 360 1261; x_wconf 82' lang='grc' dir='ltr'><em>χειν</em></span> <span class='ocrx_word' id='word_1_130' title='bbox 387 1207 436 1249; x_wconf 71' lang='lat' dir='ltr'>‘ta&#39;</span> <span class='ocrx_word' id='word_1_131' title='bbox 465 1209 627 1260; x_wconf 80' lang='grc' dir='ltr'><em>σχοινία</em></span> <span class='ocrx_word' id='word_1_132' title='bbox 657 1211 728 1262; x_wconf 73' lang='grc' dir='ltr'><em>τῆς</em></span> <span class='ocrx_word' id='word_1_133' title='bbox 759 1209 933 1262; x_wconf 76' lang='grc' dir='ltr'><em>σκηνῆς,</em></span> <span class='ocrx_word' id='word_1_134' title='bbox 959 1208 1040 1250; x_wconf 83' lang='grc' dir='ltr'><em>εἴτε</em></span> <span class='ocrx_word' id='word_1_135' title='bbox 1071 1211 1142 1249; x_wconf 83' lang='grc' dir='ltr'><em>καί</em></span> <span class='ocrx_word' id='word_1_136' title='bbox 1171 1205 1274 1266; x_wconf 68' lang='grc' dir='ltr'><em>ἄλλῃ</em></span> <span class='ocrx_word' id='word_1_137' title='bbox 1305 1227 1358 1266; x_wconf 80' lang='grc' dir='ltr'><em>πῃ</em></span> <span class='ocrx_word' id='word_1_138' title='bbox 1389 1213 1537 1266; x_wconf 83' lang='grc' dir='ltr'><em>ξυνέβη</em></span> <span class='ocrx_word' id='word_1_139' title='bbox 1565 1214 1702 1252; x_wconf 79' lang='grc' dir='ltr'><em>τοῦτο·</em></span> <span class='ocrx_word' id='word_1_140' title='bbox 1720 1225 1762 1258; x_wconf 83' lang='lat'>15</span> 
     </span>
     <span class='ocr_line' id='line_1_17' title="bbox 269 1273 1706 1330; baseline 0.003 -17"><span class='ocrx_word' id='word_1_141' title='bbox 269 1275 343 1326; x_wconf 76' lang='grc' dir='ltr'><em>τῆς</em></span> <span class='ocrx_word' id='word_1_142' title='bbox 372 1288 414 1314; x_wconf 84' lang='grc' dir='ltr'>τε</span> <span class='ocrx_word' id='word_1_143' title='bbox 455 1275 528 1325; x_wconf 73' lang='grc' dir='ltr'>γῆς</span> <span class='ocrx_word' id='word_1_144' title='bbox 563 1274 820 1326; x_wconf 74' lang='grc' dir='ltr'><em>α’πειρῆσθαι</em></span> <span class='ocrx_word' id='word_1_145' title='bbox 859 1274 1000 1329; x_wconf 72' lang='grc' dir='ltr'><em>αὐτῷ,</em></span> <span class='ocrx_word' id='word_1_146' title='bbox 1043 1273 1103 1329; x_wconf 68' lang='grc' dir='ltr'>μη</span> <span class='ocrx_word' id='word_1_147' title='bbox 1141 1274 1368 1326; x_wconf 80' lang='grc' dir='ltr'><em>ἐπιβαίνειν</em></span> <span class='ocrx_word' id='word_1_148' title='bbox 1405 1277 1476 1328; x_wconf 84' lang='grc' dir='ltr'>τῆς</span> <span class='ocrx_word' id='word_1_149' title='bbox 1503 1278 1706 1330; x_wconf 82' lang='grc' dir='ltr'><em>Φρυγίοις,</em></span> 
     </span>
     <span class='ocr_line' id='line_1_18' title="bbox 263 1335 1706 1392; baseline 0.001 -14"><span class='ocrx_word' id='word_1_150' title='bbox 263 1337 463 1390; x_wconf 71' lang='grc' dir='ltr'><em>Ἑλλήνων</em></span> <span class='ocrx_word' id='word_1_151' title='bbox 500 1340 544 1378; x_wconf 85' lang='grc' dir='ltr'>τέ</span> <span class='ocrx_word' id='word_1_152' title='bbox 578 1352 681 1386; x_wconf 79' lang='grc' dir='ltr'><em>τινες</em></span> <span class='ocrx_word' id='word_1_153' title='bbox 714 1339 848 1378; x_wconf 79' lang='grc' dir='ltr'><em>αὐτοῦ</em></span> <span class='ocrx_word' id='word_1_154' title='bbox 883 1337 1206 1391; x_wconf 80' lang='grc' dir='ltr'><em>παραγενόμενοι</em></span> <span class='ocrx_word' id='word_1_155' title='bbox 1237 1335 1261 1392; x_wconf 75' lang='grc' dir='ltr'><em>ἢ</em></span> <span class='ocrx_word' id='word_1_156' title='bbox 1299 1341 1540 1391; x_wconf 76' lang='grc' dir='ltr'><em>Τριβαλλῶν</em></span> <span class='ocrx_word' id='word_1_157' title='bbox 1568 1342 1706 1382; x_wconf 75' lang='grc' dir='ltr'><em>οἶωνί.</em></span> 
     </span>
     <span class='ocr_line' id='line_1_19' title="bbox 271 1396 1704 1458; baseline 0.003 -17"><span class='ocrx_word' id='word_1_158' title='bbox 271 1403 397 1452; x_wconf 86' lang='grc' dir='ltr'><em>ζοντο.</em></span> <span class='ocrx_word' id='word_1_159' title='bbox 457 1403 614 1455; x_wconf 81' lang='grc' dir='ltr'><em>λέγεται</em></span> <span class='ocrx_word' id='word_1_160' title='bbox 646 1404 722 1454; x_wconf 83' lang='grc' dir='ltr'>μὲν</span> <span class='ocrx_word' id='word_1_161' title='bbox 751 1396 822 1443; x_wconf 76' lang='grc' dir='ltr'>οὖν</span> <span class='ocrx_word' id='word_1_162' title='bbox 850 1405 921 1443; x_wconf 84' lang='grc' dir='ltr'>καί</span> <span class='ocrx_word' id='word_1_163' title='bbox 947 1405 1044 1455; x_wconf 73' lang='grc' dir='ltr'><em>πρίν</em></span> <span class='ocrx_word' id='word_1_164' title='bbox 1073 1400 1099 1456; x_wconf 75' lang='grc' dir='ltr'><em>ἢ</em></span> <span class='ocrx_word' id='word_1_165' title='bbox 1126 1401 1196 1444; x_wconf 68' lang='grc' dir='ltr'><em>ἐπὶ</em></span> <span class='ocrx_word' id='word_1_166' title='bbox 1223 1403 1296 1457; x_wconf 72' lang='grc' dir='ltr'>τήν</span> <span class='ocrx_word' id='word_1_167' title='bbox 1324 1405 1467 1446; x_wconf 84' lang='grc' dir='ltr'><em>Ἀσίαν</em></span> <span class='ocrx_word' id='word_1_168' title='bbox 1494 1406 1704 1458; x_wconf 76' lang='grc' dir='ltr'><em>διαβῆναι,</em></span> 
     </span>
     <span class='ocr_line' id='line_1_20' title="bbox 263 1461 1703 1525; baseline 0.003 -18"><span class='ocrx_word' id='word_1_169' title='bbox 263 1466 382 1520; x_wconf 80' lang='grc' dir='ltr'>Ἁλίη</span> <span class='ocrx_word' id='word_1_170' title='bbox 421 1467 491 1508; x_wconf 81' lang='grc' dir='ltr'>τὸν</span> <span class='ocrx_word' id='word_1_171' title='bbox 523 1469 771 1520; x_wconf 84' lang='grc' dir='ltr'><em>Χαρατίνεω</em></span> <span class='ocrx_word' id='word_1_172' title='bbox 802 1469 951 1519; x_wconf 79' lang='grc' dir='ltr'><em>παῖδα,</em></span> <span class='ocrx_word' id='word_1_173' title='bbox 995 1461 1128 1520; x_wconf 71' lang='grc' dir='ltr'><em>ἄνδρα</em></span> <span class='ocrx_word' id='word_1_174' title='bbox 1167 1469 1216 1521; x_wconf 71' lang='grc' dir='ltr'>δὴ</span> <span class='ocrx_word' id='word_1_175' title='bbox 1258 1471 1337 1509; x_wconf 75' lang='grc' dir='ltr'>τῶν</span> <span class='ocrx_word' id='word_1_176' title='bbox 1367 1473 1466 1521; x_wconf 81' lang='grc' dir='ltr'><em>παρ’</em></span> <span class='ocrx_word' id='word_1_177' title='bbox 1494 1466 1630 1525; x_wconf 72' lang='grc' dir='ltr'><em>ἑαυτῷ</em></span> <span class='ocrx_word' id='word_1_178' title='bbox 1653 1469 1703 1510; x_wconf 74' lang='grc' dir='ltr'>τὰ</span> 
     </span>
     <span class='ocr_line' id='line_1_21' title="bbox 226 1530 1759 1590; baseline 0.001 -18"><span class='ocrx_word' id='word_1_179' title='bbox 226 1533 313 1579; x_wconf 79' lang='grc' dir='ltr'>Βὲς</span> <span class='ocrx_word' id='word_1_180' title='bbox 339 1530 503 1573; x_wconf 77' lang='grc' dir='ltr'><em>σύνεσιν</em></span> <span class='ocrx_word' id='word_1_181' title='bbox 545 1530 711 1580; x_wconf 69' lang='grc' dir='ltr'><em>οὐδενὸς</em></span> <span class='ocrx_word' id='word_1_182' title='bbox 739 1533 1006 1587; x_wconf 83' lang='grc' dir='ltr'><em>λειπόμενον,</em></span> <span class='ocrx_word' id='word_1_183' title='bbox 1044 1535 1301 1587; x_wconf 82' lang='grc' dir='ltr'><em>χρηματίσαι</em></span> <span class='ocrx_word' id='word_1_184' title='bbox 1340 1535 1452 1590; x_wconf 74' lang='grc' dir='ltr'><em>αὐτῷ</em></span> <span class='ocrx_word' id='word_1_185' title='bbox 1487 1533 1544 1588; x_wconf 74' lang='grc' dir='ltr'>μή</span> <span class='ocrx_word' id='word_1_186' title='bbox 1573 1548 1759 1587; x_wconf 66' lang='lat' dir='ltr'>arpa-20</span> 
     </span>
     <span class='ocr_line' id='line_1_22' title="bbox 268 1596 1701 1655; baseline 0.001 -17"><span class='ocrx_word' id='word_1_187' title='bbox 268 1596 468 1638; x_wconf 73' lang='grc' dir='ltr'><em>τεύεσθαι</em></span> <span class='ocrx_word' id='word_1_188' title='bbox 496 1599 566 1638; x_wconf 86' lang='grc' dir='ltr'>έπί</span> <span class='ocrx_word' id='word_1_189' title='bbox 598 1597 788 1652; x_wconf 72' lang='grc' dir='ltr'><em>Τεμήρη,</em></span> <span class='ocrx_word' id='word_1_190' title='bbox 827 1598 963 1653; x_wconf 78' lang='grc' dir='ltr'><em>τρόπῳ</em></span> <span class='ocrx_word' id='word_1_191' title='bbox 1007 1600 1053 1638; x_wconf 76' lang='grc' dir='ltr'>δὲ</span> <span class='ocrx_word' id='word_1_192' title='bbox 1092 1596 1172 1654; x_wconf 76' lang='grc' dir='ltr'>ὅτῳ</span> <span class='ocrx_word' id='word_1_193' title='bbox 1203 1599 1370 1639; x_wconf 77' lang='grc' dir='ltr'><em>δύναιτο</em></span> <span class='ocrx_word' id='word_1_194' title='bbox 1397 1597 1701 1655; x_wconf 81' lang='grc' dir='ltr'><em>α’σφαλεστάτῳ</em></span> 
     </span>
     <span class='ocr_line' id='line_1_23' title="bbox 271 1660 1701 1719; baseline 0.003 -18"><span class='ocrx_word' id='word_1_195' title='bbox 271 1660 524 1703; x_wconf 70' lang='grc' dir='ltr'><em>διαλύεσθαι</em></span> <span class='ocrx_word' id='word_1_196' title='bbox 572 1664 682 1719; x_wconf 71' lang='grc' dir='ltr'><em>ιιι-’τῷ</em></span> <span class='ocrx_word' id='word_1_197' title='bbox 717 1661 790 1716; x_wconf 72' lang='grc' dir='ltr'>τήν</span> <span class='ocrx_word' id='word_1_198' title='bbox 835 1660 938 1715; x_wconf 81' lang='grc' dir='ltr'><em>πρὸς</em></span> <span class='ocrx_word' id='word_1_199' title='bbox 970 1661 1158 1716; x_wconf 72' lang='grc' dir='ltr'><em>Τεμήρην</em></span> <span class='ocrx_word' id='word_1_200' title='bbox 1189 1664 1410 1718; x_wconf 76' lang='grc' dir='ltr'><em>διαφοράν.</em></span> <span class='ocrx_word' id='word_1_201' title='bbox 1466 1666 1628 1705; x_wconf 80' lang='grc' dir='ltr'><em>ἐκέλευε</em></span> <span class='ocrx_word' id='word_1_202' title='bbox 1657 1666 1701 1705; x_wconf 79' lang='grc' dir='ltr'>δὲ</span> 
     </span>
    </p>
   </div>
   <div class='ocr_carea' id='block_1_3' title="bbox 361 1780 1302 1833">
    <p class='ocr_par' dir='ltr' id='par_1_3' title="bbox 361 1780 1302 1833">
     <span class='ocr_line' id='line_1_24' title="bbox 361 1780 1302 1833; baseline 0 -13"><span class='ocrx_word' id='word_1_203' title='bbox 361 1787 394 1820; x_wconf 88' lang='grc'>3.</span> <span class='ocrx_word' id='word_1_204' title='bbox 420 1786 492 1833; x_wconf 59' lang='grc' dir='ltr'>τῷζ)</span> <span class='ocrx_word' id='word_1_205' title='bbox 605 1787 638 1821; x_wconf 73' lang='lat'>4.</span> <span class='ocrx_word' id='word_1_206' title='bbox 666 1780 719 1820; x_wconf 73' lang='grc' dir='ltr'><em>ὦν</em></span> <span class='ocrx_word' id='word_1_207' title='bbox 741 1783 850 1832; x_wconf 64' lang='lat' dir='ltr'>niqra?</span> <span class='ocrx_word' id='word_1_208' title='bbox 966 1787 998 1820; x_wconf 85' lang='lat'>5.</span> <span class='ocrx_word' id='word_1_209' title='bbox 1026 1798 1062 1821; x_wconf 82' lang='grc' dir='ltr'>τε</span> <span class='ocrx_word' id='word_1_210' title='bbox 1086 1786 1128 1820; x_wconf 71' lang='grc' dir='ltr'>τὰ</span> <span class='ocrx_word' id='word_1_211' title='bbox 1156 1785 1251 1833; x_wconf 73' lang='grc' dir='ltr'><em>αὐτῷ</em></span> <span class='ocrx_word' id='word_1_212' title='bbox 1278 1789 1302 1820; x_wconf 88' lang='lat' dir='ltr'>P</span> 
     </span>
    </p>
   </div>
   <div class='ocr_carea' id='block_1_4' title="bbox 269 1890 1729 2766">
    <p class='ocr_par' dir='ltr' id='par_1_4' title="bbox 269 1890 1729 2766">
     <span class='ocr_line' id='line_1_25' title="bbox 273 1890 1697 1936; baseline 0.002 -13"><span class='ocrx_word' id='word_1_213' title='bbox 273 1891 413 1923; x_wconf 77' lang='lat' dir='ltr'>l’aiaziti</span> <span class='ocrx_word' id='word_1_214' title='bbox 448 1891 710 1934; x_wconf 82' lang='lat' dir='ltr'>indignaretur,</span> <span class='ocrx_word' id='word_1_215' title='bbox 746 1890 842 1936; x_wconf 88' lang='lat' dir='ltr'>quod</span> <span class='ocrx_word' id='word_1_216' title='bbox 866 1891 1023 1935; x_wconf 87' lang='lat' dir='ltr'>ipsorum</span> <span class='ocrx_word' id='word_1_217' title='bbox 1051 1903 1180 1936; x_wconf 88' lang='lat' dir='ltr'>opera,</span> <span class='ocrx_word' id='word_1_218' title='bbox 1218 1893 1324 1925; x_wconf 85' lang='lat' dir='ltr'>etiam</span> <span class='ocrx_word' id='word_1_219' title='bbox 1351 1904 1412 1924; x_wconf 86' lang='lat' dir='ltr'>sua</span> <span class='ocrx_word' id='word_1_220' title='bbox 1437 1892 1595 1933; x_wconf 80' lang='lat' dir='ltr'>audacia,</span> <span class='ocrx_word' id='word_1_221' title='bbox 1619 1905 1697 1926; x_wconf 86' lang='lat' dir='ltr'>cum</span> 
     </span>
     <span class='ocr_line' id='line_1_26' title="bbox 270 1937 1698 1982; baseline 0.003 -13"><span class='ocrx_word' id='word_1_222' title='bbox 270 1938 370 1970; x_wconf 83' lang='lat' dir='ltr'>nulla</span> <span class='ocrx_word' id='word_1_223' title='bbox 395 1938 588 1970; x_wconf 79' lang='lat' dir='ltr'><strong>necessitas</strong></span> <span class='ocrx_word' id='word_1_224' title='bbox 604 1944 776 1976; x_wconf 81' lang='lat' dir='ltr'>moneret,</span> <span class='ocrx_word' id='word_1_225' title='bbox 801 1937 1019 1970; x_wconf 80' lang='lat' dir='ltr'>abuteretur.</span> <span class='ocrx_word' id='word_1_226' title='bbox 1069 1944 1252 1982; x_wconf 82' lang='lat' dir='ltr'>praeterea</span> <span class='ocrx_word' id='word_1_227' title='bbox 1280 1939 1432 1982; x_wconf 83' lang='lat' dir='ltr'>contigit</span> <span class='ocrx_word' id='word_1_228' title='bbox 1459 1945 1497 1972; x_wconf 89' lang='lat' dir='ltr'>ut</span> <span class='ocrx_word' id='word_1_229' title='bbox 1525 1940 1698 1973; x_wconf 87' lang='lat' dir='ltr'>exercitus</span> 
     </span>
     <span class='ocr_line' id='line_1_27' title="bbox 271 1982 1698 2030; baseline 0.002 -15"><span class='ocrx_word' id='word_1_230' title='bbox 271 1984 484 2027; x_wconf 83' lang='lat' dir='ltr'>affligeretur</span> <span class='ocrx_word' id='word_1_231' title='bbox 508 1985 656 2016; x_wconf 82' lang='lat' dir='ltr'>maxima</span> <span class='ocrx_word' id='word_1_232' title='bbox 682 1984 848 2016; x_wconf 88' lang='lat' dir='ltr'>frumenti</span> <span class='ocrx_word' id='word_1_233' title='bbox 875 1989 910 2015; x_wconf 87' lang='lat' dir='ltr'>et</span> <span class='ocrx_word' id='word_1_234' title='bbox 934 1982 1060 2016; x_wconf 84' lang='lat' dir='ltr'>hordei</span> <span class='ocrx_word' id='word_1_235' title='bbox 1097 1985 1219 2030; x_wconf 83' lang='lat' dir='ltr'>inopia</span> <span class='ocrx_word' id='word_1_236' title='bbox 1244 1990 1390 2028; x_wconf 81' lang='lat' dir='ltr'>propter</span> <span class='ocrx_word' id='word_1_237' title='bbox 1414 1985 1565 2018; x_wconf 79' lang='lat' dir='ltr'>prusam.</span> <span class='ocrx_word' id='word_1_238' title='bbox 1614 1985 1698 2018; x_wconf 88' lang='lat' dir='ltr'>hinc</span> 
     </span>
     <span class='ocr_line' id='line_1_28' title="bbox 271 2029 1697 2076; baseline 0.002 -15"><span class='ocrx_word' id='word_1_239' title='bbox 271 2030 448 2075; x_wconf 79' lang='lat' dir='ltr'>equitatus</span> <span class='ocrx_word' id='word_1_240' title='bbox 486 2031 635 2073; x_wconf 82' lang='lat' dir='ltr'>graviter</span> <span class='ocrx_word' id='word_1_241' title='bbox 664 2029 944 2073; x_wconf 80' lang='lat' dir='ltr'>periclitabatur.</span> <span class='ocrx_word' id='word_1_242' title='bbox 1002 2031 1176 2062; x_wconf 75' lang='lat' dir='ltr'>exercitus</span> <span class='ocrx_word' id='word_1_243' title='bbox 1203 2042 1274 2063; x_wconf 89' lang='lat' dir='ltr'>rem</span> <span class='ocrx_word' id='word_1_244' title='bbox 1298 2032 1398 2063; x_wconf 80' lang='lat' dir='ltr'>istam</span> <span class='ocrx_word' id='word_1_245' title='bbox 1424 2031 1551 2076; x_wconf 86' lang='lat' dir='ltr'>iniquo</span> <span class='ocrx_word' id='word_1_246' title='bbox 1580 2033 1697 2064; x_wconf 87' lang='lat' dir='ltr'>animo</span> 
     </span>
     <span class='ocr_line' id='line_1_29' title="bbox 270 2075 1699 2117; baseline 0.002 -9"><span class='ocrx_word' id='word_1_247' title='bbox 270 2075 420 2117; x_wconf 79' lang='lat' dir='ltr'>ferebat,</span> <span class='ocrx_word' id='word_1_248' title='bbox 445 2080 481 2108; x_wconf 85' lang='lat' dir='ltr'>et</span> <span class='ocrx_word' id='word_1_249' title='bbox 507 2076 574 2107; x_wconf 84' lang='lat' dir='ltr'>iam</span> <span class='ocrx_word' id='word_1_250' title='bbox 592 2075 814 2108; x_wconf 77' lang='lat' dir='ltr'>detrectabat</span> <span class='ocrx_word' id='word_1_251' title='bbox 840 2076 1014 2108; x_wconf 83' lang='lat' dir='ltr'>militiam.</span> <span class='ocrx_word' id='word_1_252' title='bbox 1066 2077 1234 2109; x_wconf 85' lang='lat' dir='ltr'>severiter</span> <span class='ocrx_word' id='word_1_253' title='bbox 1258 2077 1351 2108; x_wconf 90' lang='lat' dir='ltr'>enim</span> <span class='ocrx_word' id='word_1_254' title='bbox 1375 2077 1604 2110; x_wconf 84' lang='lat' dir='ltr'>interdictum</span> <span class='ocrx_word' id='word_1_255' title='bbox 1623 2084 1699 2111; x_wconf 84' lang='lat' dir='ltr'>erat</span> 
     </span>
     <span class='ocr_line' id='line_1_30' title="bbox 269 2121 1696 2166; baseline 0.001 -12"><span class='ocrx_word' id='word_1_256' title='bbox 269 2133 315 2154; x_wconf 87' lang='lat' dir='ltr'>ne</span> <span class='ocrx_word' id='word_1_257' title='bbox 343 2123 422 2166; x_wconf 87' lang='lat' dir='ltr'>quis</span> <span class='ocrx_word' id='word_1_258' title='bbox 446 2133 570 2154; x_wconf 82' lang='lat' dir='ltr'>manus</span> <span class='ocrx_word' id='word_1_259' title='bbox 609 2121 839 2154; x_wconf 82' lang='lat' dir='ltr'>admoliretur</span> <span class='ocrx_word' id='word_1_260' title='bbox 875 2122 1050 2154; x_wconf 83' lang='lat' dir='ltr'>frumento</span> <span class='ocrx_word' id='word_1_261' title='bbox 1069 2147 1078 2162; x_wconf 88' lang='lat'>‚</span> <span class='ocrx_word' id='word_1_262' title='bbox 1104 2122 1225 2155; x_wconf 85' lang='lat' dir='ltr'>addito</span> <span class='ocrx_word' id='word_1_263' title='bbox 1251 2134 1287 2155; x_wconf 90' lang='lat' dir='ltr'>se</span> <span class='ocrx_word' id='word_1_264' title='bbox 1312 2122 1471 2156; x_wconf 77' lang='lat' dir='ltr'>acerbius</span> <span class='ocrx_word' id='word_1_265' title='bbox 1495 2123 1696 2156; x_wconf 83' lang='lat' dir='ltr'>vindicatu-</span> 
     </span>
     <span class='ocr_line' id='line_1_31' title="bbox 272 2167 1696 2212; baseline 0.002 -13"><span class='ocrx_word' id='word_1_266' title='bbox 272 2180 344 2200; x_wconf 86' lang='lat' dir='ltr'>rum</span> <span class='ocrx_word' id='word_1_267' title='bbox 373 2179 451 2200; x_wconf 89' lang='lat' dir='ltr'>eum</span> <span class='ocrx_word' id='word_1_268' title='bbox 480 2169 541 2212; x_wconf 87' lang='lat' dir='ltr'>qui</span> <span class='ocrx_word' id='word_1_269' title='bbox 570 2167 726 2199; x_wconf 82' lang='lat' dir='ltr'>fraudem</span> <span class='ocrx_word' id='word_1_270' title='bbox 756 2167 838 2199; x_wconf 82' lang='lat' dir='ltr'>huic</span> <span class='ocrx_word' id='word_1_271' title='bbox 874 2179 936 2200; x_wconf 87' lang='lat' dir='ltr'>suo</span> <span class='ocrx_word' id='word_1_272' title='bbox 964 2168 1078 2201; x_wconf 85' lang='lat' dir='ltr'>edicto</span> <span class='ocrx_word' id='word_1_273' title='bbox 1105 2169 1257 2201; x_wconf 85' lang='lat' dir='ltr'>fecisset.</span> <span class='ocrx_word' id='word_1_274' title='bbox 1307 2169 1399 2201; x_wconf 84' lang='lat' dir='ltr'>fama</span> <span class='ocrx_word' id='word_1_275' title='bbox 1427 2174 1499 2209; x_wconf 85' lang='lat' dir='ltr'>est,</span> <span class='ocrx_word' id='word_1_276' title='bbox 1534 2181 1611 2202; x_wconf 91' lang='lat' dir='ltr'>cum</span> <span class='ocrx_word' id='word_1_277' title='bbox 1637 2181 1696 2202; x_wconf 82' lang='lat' dir='ltr'>ca·</span> 
     </span>
     <span class='ocr_line' id='line_1_32' title="bbox 269 2213 1698 2258; baseline 0.001 -12"><span class='ocrx_word' id='word_1_278' title='bbox 269 2219 492 2247; x_wconf 75' lang='lat' dir='ltr'>stranietatus</span> <span class='ocrx_word' id='word_1_279' title='bbox 519 2219 612 2246; x_wconf 87' lang='lat' dir='ltr'>esset</span> <span class='ocrx_word' id='word_1_280' title='bbox 635 2215 672 2246; x_wconf 88' lang='lat' dir='ltr'>in</span> <span class='ocrx_word' id='word_1_281' title='bbox 698 2213 931 2258; x_wconf 75' lang='lat' dir='ltr'>Cappadocia,</span> <span class='ocrx_word' id='word_1_282' title='bbox 954 2215 1048 2246; x_wconf 89' lang='lat' dir='ltr'>venti</span> <span class='ocrx_word' id='word_1_283' title='bbox 1076 2214 1256 2249; x_wconf 84' lang='lat' dir='ltr'>turbinem</span> <span class='ocrx_word' id='word_1_284' title='bbox 1281 2215 1570 2248; x_wconf 80' lang='lat' dir='ltr'>violentissimum</span> <span class='ocrx_word' id='word_1_285' title='bbox 1594 2217 1698 2248; x_wconf 89' lang='lat' dir='ltr'>incu-</span> 
     </span>
     <span class='ocr_line' id='line_1_33' title="bbox 270 2259 1698 2300; baseline 0.001 -8"><span class='ocrx_word' id='word_1_286' title='bbox 270 2261 389 2293; x_wconf 85' lang='lat' dir='ltr'>buisse</span> <span class='ocrx_word' id='word_1_287' title='bbox 418 2261 605 2300; x_wconf 71' lang='lat' dir='ltr'>exercitui,</span> <span class='ocrx_word' id='word_1_288' title='bbox 634 2259 724 2292; x_wconf 86' lang='lat' dir='ltr'>adeo</span> <span class='ocrx_word' id='word_1_289' title='bbox 764 2265 803 2292; x_wconf 87' lang='lat' dir='ltr'>ut</span> <span class='ocrx_word' id='word_1_290' title='bbox 831 2261 980 2292; x_wconf 85' lang='lat' dir='ltr'>tentoria</span> <span class='ocrx_word' id='word_1_291' title='bbox 1008 2260 1153 2293; x_wconf 84' lang='lat' dir='ltr'>disiecta</span> <span class='ocrx_word' id='word_1_292' title='bbox 1179 2266 1214 2293; x_wconf 89' lang='lat' dir='ltr'>et</span> <span class='ocrx_word' id='word_1_293' title='bbox 1254 2262 1291 2293; x_wconf 86' lang='lat' dir='ltr'>in</span> <span class='ocrx_word' id='word_1_294' title='bbox 1319 2261 1470 2294; x_wconf 88' lang='lat' dir='ltr'>sublime</span> <span class='ocrx_word' id='word_1_295' title='bbox 1496 2266 1605 2294; x_wconf 78' lang='lat' dir='ltr'>tracta</span> <span class='ocrx_word' id='word_1_296' title='bbox 1634 2261 1698 2294; x_wconf 89' lang='lat' dir='ltr'>de-</span> 
     </span>
     <span class='ocr_line' id='line_1_34' title="bbox 271 2305 1697 2352; baseline 0 -12"><span class='ocrx_word' id='word_1_297' title='bbox 271 2311 423 2340; x_wconf 86' lang='lat' dir='ltr'>strueret</span> <span class='ocrx_word' id='word_1_298' title='bbox 448 2307 674 2352; x_wconf 75' lang='lat' dir='ltr'>planissime3</span> <span class='ocrx_word' id='word_1_299' title='bbox 699 2305 795 2350; x_wconf 88' lang='lat' dir='ltr'>quod</span> <span class='ocrx_word' id='word_1_300' title='bbox 825 2305 967 2350; x_wconf 87' lang='lat' dir='ltr'>quidem</span> <span class='ocrx_word' id='word_1_301' title='bbox 995 2308 1168 2339; x_wconf 83' lang='lat' dir='ltr'>exercitus</span> <span class='ocrx_word' id='word_1_302' title='bbox 1204 2318 1268 2351; x_wconf 88' lang='lat' dir='ltr'>pro</span> <span class='ocrx_word' id='word_1_303' title='bbox 1293 2307 1410 2339; x_wconf 76' lang='lat' dir='ltr'>omine.</span> <span class='ocrx_word' id='word_1_304' title='bbox 1434 2317 1555 2351; x_wconf 86' lang='lat' dir='ltr'>parurn</span> <span class='ocrx_word' id='word_1_305' title='bbox 1582 2308 1697 2340; x_wconf 78' lang='lat' dir='ltr'>fausto</span> 
     </span>
     <span class='ocr_line' id='line_1_35' title="bbox 269 2351 1694 2398; baseline 0.001 -13"><span class='ocrx_word' id='word_1_306' title='bbox 269 2355 417 2398; x_wconf 85' lang='lat' dir='ltr'>accepit.</span> <span class='ocrx_word' id='word_1_307' title='bbox 468 2358 589 2397; x_wconf 83' lang='lat' dir='ltr'>postea</span> <span class='ocrx_word' id='word_1_308' title='bbox 614 2363 691 2385; x_wconf 88' lang='lat' dir='ltr'>cum</span> <span class='ocrx_word' id='word_1_309' title='bbox 713 2353 750 2384; x_wconf 87' lang='lat' dir='ltr'>in</span> <span class='ocrx_word' id='word_1_310' title='bbox 778 2351 959 2396; x_wconf 84' lang='lat' dir='ltr'>Phrygiam</span> <span class='ocrx_word' id='word_1_311' title='bbox 987 2364 1129 2385; x_wconf 87' lang='lat' dir='ltr'>movens</span> <span class='ocrx_word' id='word_1_312' title='bbox 1155 2358 1267 2385; x_wconf 86' lang='lat' dir='ltr'>castra</span> <span class='ocrx_word' id='word_1_313' title='bbox 1292 2354 1588 2394; x_wconf 84' lang='lat' dir='ltr'>communivisset,</span> <span class='ocrx_word' id='word_1_314' title='bbox 1612 2358 1694 2386; x_wconf 86' lang='lat' dir='ltr'>ten-</span> 
     </span>
     <span class='ocr_line' id='line_1_36' title="bbox 270 2398 1696 2444; baseline 0.001 -13"><span class='ocrx_word' id='word_1_315' title='bbox 270 2400 401 2432; x_wconf 83' lang='lat' dir='ltr'>torium</span> <span class='ocrx_word' id='word_1_316' title='bbox 429 2410 530 2431; x_wconf 88' lang='lat' dir='ltr'>suum</span> <span class='ocrx_word' id='word_1_317' title='bbox 567 2398 604 2431; x_wconf 89' lang='lat' dir='ltr'>in</span> <span class='ocrx_word' id='word_1_318' title='bbox 641 2404 710 2431; x_wconf 82' lang='lat' dir='ltr'>tres</span> <span class='ocrx_word' id='word_1_319' title='bbox 739 2408 892 2442; x_wconf 85' lang='lat' dir='ltr'>pueros,</span> <span class='ocrx_word' id='word_1_320' title='bbox 918 2399 979 2442; x_wconf 88' lang='lat' dir='ltr'>qui</span> <span class='ocrx_word' id='word_1_321' title='bbox 1014 2398 1063 2430; x_wconf 85' lang='lat' dir='ltr'>ibi</span> <span class='ocrx_word' id='word_1_322' title='bbox 1090 2399 1254 2439; x_wconf 85' lang='lat' dir='ltr'>aderant,</span> <span class='ocrx_word' id='word_1_323' title='bbox 1276 2410 1339 2431; x_wconf 84' lang='lat' dir='ltr'>sua</span> <span class='ocrx_word' id='word_1_324' title='bbox 1358 2404 1485 2444; x_wconf 86' lang='lat' dir='ltr'>sponte</span> <span class='ocrx_word' id='word_1_325' title='bbox 1511 2399 1696 2438; x_wconf 78' lang='lat' dir='ltr'>ceciderat,</span> 
     </span>
     <span class='ocr_line' id='line_1_37' title="bbox 271 2444 1696 2490; baseline 0.001 -13"><span class='ocrx_word' id='word_1_326' title='bbox 271 2447 343 2477; x_wconf 75' lang='lat' dir='ltr'>sive</span> <span class='ocrx_word' id='word_1_327' title='bbox 370 2445 466 2490; x_wconf 73' lang='lat' dir='ltr'>quod</span> <span class='ocrx_word' id='word_1_328' title='bbox 491 2450 581 2478; x_wconf 85' lang='lat' dir='ltr'>terra</span> <span class='ocrx_word' id='word_1_329' title='bbox 605 2444 809 2489; x_wconf 83' lang='lat' dir='ltr'>nequiverit</span> <span class='ocrx_word' id='word_1_330' title='bbox 831 2444 1004 2476; x_wconf 87' lang='lat' dir='ltr'>sustinere</span> <span class='ocrx_word' id='word_1_331' title='bbox 1033 2445 1240 2486; x_wconf 85' lang='lat' dir='ltr'>retinacula,</span> <span class='ocrx_word' id='word_1_332' title='bbox 1265 2445 1338 2477; x_wconf 83' lang='lat' dir='ltr'>sive</span> <span class='ocrx_word' id='word_1_333' title='bbox 1363 2446 1434 2477; x_wconf 83' lang='lat' dir='ltr'>alia</span> <span class='ocrx_word' id='word_1_334' title='bbox 1455 2450 1507 2478; x_wconf 88' lang='lat' dir='ltr'>est</span> <span class='ocrx_word' id='word_1_335' title='bbox 1531 2456 1632 2478; x_wconf 79' lang='lat' dir='ltr'>causa</span> <span class='ocrx_word' id='word_1_336' title='bbox 1659 2446 1696 2478; x_wconf 90' lang='lat' dir='ltr'>in</span> 
     </span>
     <span class='ocr_line' id='line_1_38' title="bbox 271 2490 1695 2536; baseline 0 -13"><span class='ocrx_word' id='word_1_337' title='bbox 271 2503 376 2536; x_wconf 82' lang='lat' dir='ltr'>quam</span> <span class='ocrx_word' id='word_1_338' title='bbox 406 2503 504 2523; x_wconf 84' lang='lat' dir='ltr'>casus</span> <span class='ocrx_word' id='word_1_339' title='bbox 531 2491 592 2524; x_wconf 90' lang='lat' dir='ltr'>ille</span> <span class='ocrx_word' id='word_1_340' title='bbox 617 2490 735 2523; x_wconf 80' lang='lat' dir='ltr'>reduci</span> <span class='ocrx_word' id='word_1_341' title='bbox 759 2491 900 2536; x_wconf 84' lang='lat' dir='ltr'>poterit.</span> <span class='ocrx_word' id='word_1_342' title='bbox 949 2490 1090 2534; x_wconf 79' lang='lat' dir='ltr'>quidam</span> <span class='ocrx_word' id='word_1_343' title='bbox 1117 2492 1241 2524; x_wconf 78' lang='lat' dir='ltr'>Graeci</span> <span class='ocrx_word' id='word_1_344' title='bbox 1268 2497 1304 2523; x_wconf 86' lang='lat' dir='ltr'>et</span> <span class='ocrx_word' id='word_1_345' title='bbox 1333 2491 1484 2523; x_wconf 85' lang='lat' dir='ltr'>Triballi</span> <span class='ocrx_word' id='word_1_346' title='bbox 1509 2493 1570 2536; x_wconf 87' lang='lat' dir='ltr'>qui</span> <span class='ocrx_word' id='word_1_347' title='bbox 1596 2502 1695 2535; x_wconf 77' lang='lat' dir='ltr'>prae—</span> 
     </span>
     <span class='ocr_line' id='line_1_39' title="bbox 271 2536 1696 2581; baseline 0 -11"><span class='ocrx_word' id='word_1_348' title='bbox 271 2543 325 2570; x_wconf 85' lang='lat' dir='ltr'>sto</span> <span class='ocrx_word' id='word_1_349' title='bbox 353 2544 462 2578; x_wconf 84' lang='lat' dir='ltr'>eraut,</span> <span class='ocrx_word' id='word_1_350' title='bbox 487 2548 590 2569; x_wconf 89' lang='lat' dir='ltr'>omen</span> <span class='ocrx_word' id='word_1_351' title='bbox 615 2537 653 2569; x_wconf 86' lang='lat' dir='ltr'>id</span> <span class='ocrx_word' id='word_1_352' title='bbox 679 2547 753 2569; x_wconf 90' lang='lat' dir='ltr'>esse</span> <span class='ocrx_word' id='word_1_353' title='bbox 779 2536 956 2575; x_wconf 87' lang='lat' dir='ltr'>dicebant,</span> <span class='ocrx_word' id='word_1_354' title='bbox 989 2547 1033 2568; x_wconf 90' lang='lat' dir='ltr'>ne</span> <span class='ocrx_word' id='word_1_355' title='bbox 1058 2536 1263 2569; x_wconf 80' lang='lat' dir='ltr'>ascenderet</span> <span class='ocrx_word' id='word_1_356' title='bbox 1284 2537 1321 2569; x_wconf 90' lang='lat' dir='ltr'>in</span> <span class='ocrx_word' id='word_1_357' title='bbox 1338 2537 1528 2581; x_wconf 76' lang='lat' dir='ltr'>Phrygiam.</span> <span class='ocrx_word' id='word_1_358' title='bbox 1579 2537 1696 2570; x_wconf 81' lang='lat' dir='ltr'>ferunt</span> 
     </span>
     <span class='ocr_line' id='line_1_40' title="bbox 273 2582 1696 2628; baseline 0 -13"><span class='ocrx_word' id='word_1_359' title='bbox 273 2589 406 2624; x_wconf 67' lang='lat' dir='ltr'>tamon,</span> <span class='ocrx_word' id='word_1_360' title='bbox 431 2584 634 2628; x_wconf 79' lang='lat' dir='ltr'>priusquam</span> <span class='ocrx_word' id='word_1_361' title='bbox 659 2583 823 2615; x_wconf 85' lang='lat' dir='ltr'>transiret</span> <span class='ocrx_word' id='word_1_362' title='bbox 846 2583 883 2615; x_wconf 87' lang='lat' dir='ltr'>in</span> <span class='ocrx_word' id='word_1_363' title='bbox 908 2583 1047 2621; x_wconf 77' lang='lat' dir='ltr'>Asiam,</span> <span class='ocrx_word' id='word_1_364' title='bbox 1073 2582 1184 2615; x_wconf 75' lang='lat' dir='ltr'>Aliem</span> <span class='ocrx_word' id='word_1_365' title='bbox 1214 2583 1411 2615; x_wconf 83' lang='lat' dir='ltr'>Charatinis</span> <span class='ocrx_word' id='word_1_366' title='bbox 1438 2583 1560 2622; x_wconf 86' lang='lat' dir='ltr'>filium,</span> <span class='ocrx_word' id='word_1_367' title='bbox 1586 2585 1696 2615; x_wconf 83' lang='lat' dir='ltr'>virum</span> 
     </span>
     <span class='ocr_line' id='line_1_41' title="bbox 272 2627 1695 2674; baseline 0.001 -13"><span class='ocrx_word' id='word_1_368' title='bbox 272 2641 393 2662; x_wconf 84' lang='lat' dir='ltr'>eorum</span> <span class='ocrx_word' id='word_1_369' title='bbox 426 2631 486 2674; x_wconf 86' lang='lat' dir='ltr'>qui</span> <span class='ocrx_word' id='word_1_370' title='bbox 527 2642 602 2662; x_wconf 85' lang='lat' dir='ltr'>cnm</span> <span class='ocrx_word' id='word_1_371' title='bbox 643 2629 790 2662; x_wconf 83' lang='lat' dir='ltr'>Paiazite</span> <span class='ocrx_word' id='word_1_372' title='bbox 815 2633 915 2661; x_wconf 86' lang='lat' dir='ltr'>erant</span> <span class='ocrx_word' id='word_1_373' title='bbox 937 2627 1127 2672; x_wconf 86' lang='lat' dir='ltr'>prudentia</span> <span class='ocrx_word' id='word_1_374' title='bbox 1153 2629 1380 2673; x_wconf 82' lang='lat' dir='ltr'>primarium,</span> <span class='ocrx_word' id='word_1_375' title='bbox 1407 2629 1626 2662; x_wconf 83' lang='lat' dir='ltr'>consuluisse</span> <span class='ocrx_word' id='word_1_376' title='bbox 1651 2640 1695 2662; x_wconf 87' lang='lat' dir='ltr'>ne</span> 
     </span>
     <span class='ocr_line' id='line_1_42' title="bbox 273 2674 1696 2715; baseline 0 -8"><span class='ocrx_word' id='word_1_377' title='bbox 273 2676 461 2708; x_wconf 74' lang='lat' dir='ltr'>exercituin</span> <span class='ocrx_word' id='word_1_378' title='bbox 486 2682 606 2708; x_wconf 80' lang='lat' dir='ltr'>contra</span> <span class='ocrx_word' id='word_1_379' title='bbox 631 2676 805 2708; x_wconf 87' lang='lat' dir='ltr'>&#39;l&#39;emirem</span> <span class='ocrx_word' id='word_1_380' title='bbox 832 2674 987 2715; x_wconf 86' lang='lat' dir='ltr'>duceret,</span> <span class='ocrx_word' id='word_1_381' title='bbox 1011 2685 1128 2707; x_wconf 84' lang='lat' dir='ltr'>verum</span> <span class='ocrx_word' id='word_1_382' title='bbox 1154 2675 1374 2708; x_wconf 87' lang='lat' dir='ltr'>anniteretur</span> <span class='ocrx_word' id='word_1_383' title='bbox 1399 2680 1438 2707; x_wconf 87' lang='lat' dir='ltr'>ut</span> <span class='ocrx_word' id='word_1_384' title='bbox 1460 2676 1527 2708; x_wconf 86' lang='lat' dir='ltr'>ista</span> <span class='ocrx_word' id='word_1_385' title='bbox 1553 2680 1696 2709; x_wconf 81' lang='lat' dir='ltr'>contro-</span> 
     </span>
     <span class='ocr_line' id='line_1_43' title="bbox 274 2719 1729 2766; baseline 0 -12"><span class='ocrx_word' id='word_1_386' title='bbox 274 2722 384 2754; x_wconf 79' lang='lat' dir='ltr'>versia</span> <span class='ocrx_word' id='word_1_387' title='bbox 409 2733 512 2766; x_wconf 67' lang='lat' dir='ltr'>quatu</span> <span class='ocrx_word' id='word_1_388' title='bbox 549 2723 730 2755; x_wconf 68' lang='lat' dir='ltr'>tutissimis</span> <span class='ocrx_word' id='word_1_389' title='bbox 767 2720 962 2755; x_wconf 81' lang='lat' dir='ltr'>rationibus</span> <span class='ocrx_word' id='word_1_390' title='bbox 986 2719 1234 2761; x_wconf 59' lang='lat' dir='ltr'>dissolveretur</span> <span class='ocrx_word' id='word_1_391' title='bbox 1269 2726 1305 2754; x_wconf 87' lang='lat' dir='ltr'>et</span> <span class='ocrx_word' id='word_1_392' title='bbox 1327 2726 1609 2766; x_wconf 83' lang='lat' dir='ltr'>componeretur.</span> <span class='ocrx_word' id='word_1_393' title='bbox 1659 2731 1695 2754; x_wconf 75' lang='lat' dir='ltr'>se</span> <span class='ocrx_word' id='word_1_394' title='bbox 1726 2743 1729 2745; x_wconf 98' lang='lat'>-</span> 
     </span>
    </p>
   </div>
  </div>
 </body>
</html>
