1832 3216
512 190 583 229 DE
610 189 784 228 REBUS
823 185 1078 228 TURClClS
1119 186 1164 226 L
1185 179 1603 226 1V.195

140 293 262 348 φέρει
290 290 336 332 δὲ
366 282 488 337 ουτος
516 287 594 329 δύο
619 284 806 343 ψήφους,
837 286 1054 337 τιθέμενος
1082 280 1111 338 ᾗ
1128 281 1180 326 ἂν
1211 283 1406 337 βούλοιτο
1423 285 1658 362 Ηπροστί-Ρ.
1676 288 1743 323 ¹04

139 359 318 399 θέσθαι.
375 358 491 407 μένει
522 356 559 396 δ’
591 348 712 400 ουτος
739 351 908 406 ἡγεμών
936 349 1167 403 τιμώμενός
1192 368 1238 394 τε
1262 350 1314 393 τά
1348 352 1495 404 πρῶτα
1526 347 1608 390 υπὸ

141 425 226 466 τῶν
253 423 540 476 συγκλητικων
587 420 662 460 καί
691 420 735 460 ἐν
763 424 851 463 τοῖς
885 418 1119 472 βασιλείοις
1149 419 1370 471 ἐπιμένων,
1400 414 1511 471 ἔχων
1539 415 1613 470 τήν

141 504 184 532 τε
212 487 404 542 δαπάνην
433 486 516 528 ὕπὸ
551 486 636 528 τῶν
665 486 741 537 τῆς
781 484 944 531 πόλεως
979 483 1315 538 προεστηκότων.
1374 481 1546 537 πάρεισι
1575 485 1617 523 δ’

110 557 263 613 ὄαύτῷ
300 553 565 608 βουληφόροι
609 547 762 604 ἄνδρες
801 548 846 601 ἒξ
888 548 960 592 τὸν
990 550 1206 605 α’ριθμόν,
1235 547 1399 603 ἑταῖροί
1425 564 1470 591 τε
1499 550 1615 606 αὐτῷ

143 616 260 670 ὄντες
291 618 364 662 καὶ
398 619 475 673 την
502 617 630 671 τιμήν
668 618 744 671 τῆς
782 613 1004 670 ἡγεμονίας
1035 613 1494 670 συγκατεργαζόμενοι,
1547 615 1620 656 ἐπὶ

140 690 278 742 μῆνας
306 687 349 736 ἓξ
391 681 755 735 ἀπαλλαττόμενοι
791 686 864 737 τῆς
902 684 1026 738 σφῶν
1067 677 1186 724 οὗτοι
1221 685 1374 738 α’ρχῆς.
1430 681 1539 735 μετά
1571 684 1618 723 δὲ

141 753 218 808 τὴν
248 751 434 807 μεγάλην
481 748 638 804 βουλὴν
666 747 779 792 ἔστιν
816 750 842 805 ἦ
873 748 1009 803 βουλὴ
1043 752 1245 804 γερουσία
1275 750 1438 804 κλητῶν
1465 754 1619 791 καλου-

141 823 260 875 μένη,
291 817 408 873 α’μφὶ
435 816 534 865 τούς
555 819 838 870 τριακοσίους.
898 815 1121 869 αἱροῦνται
1155 813 1206 870 δὴ
1233 815 1411 863 τούτους
1433 810 1514 870 ἤδη
1548 817 1621 855 καί

87 885 220 936 1οτάς
249 884 397 933 λοιπάς
425 882 564 938 α’ρχιὲς
589 886 632 924 ἐν
660 885 713 939 τῇ
735 881 897 939 μεγάλῃ
925 884 1072 938 βουλῇ,
1104 880 1394 934 ἐπιλεξάμενοι
1420 879 1519 930 τούς
1547 883 1617 923 τά·

143 954 276 1004 μείνω
306 951 584 1007 φρονοῦντας.
659 950 737 991 κιίν
763 949 894 1005 ταύτῃ
941 946 994 1002 δή
1024 951 1076 1004 τῇ
1106 950 1192 990 τῶν
1219 950 1383 1003 κλητῶν
1412 949 1654 998 ἐπονομα-[ς

144 1018 295 1074 ζομένῃ
335 1018 466 1073 βουλῇ
502 1018 605 1070 περί
629 1032 673 1058 τε
703 1018 898 1068 πολέμων
936 1018 1009 1056 καί
1035 1014 1203 1070 εἰρήνης
1231 1013 1507 1068 βουλεύονται
1547 1016 1730 1059 και’ν,82

141 1086 408 1138 πρεσβειῶν,
440 1079 464 1123 δ’
492 1100 531 1125 τι
574 1077 626 1123 ἂν
654 1076 679 1138 ᾖ
709 1083 959 1133 δεδογμένον
986 1079 1175 1133 τούτοις,
1201 1083 1433 1122 πείθεσθαι
1463 1081 1617 1121 αὐτίκα

142 1149 220 1204 τὴν
250 1147 399 1205 πόλιν,
437 1148 510 1190 καί
532 1150 576 1197 ἐς
607 1145 631 1189 ὅ
660 1165 699 1191 τι
728 1143 780 1190 ἂν
810 1147 910 1204 δόξῃ
944 1145 1076 1205 ταύτῃ
1104 1149 1157 1205 τῇ
1184 1149 1345 1203 βουλῇ,
1390 1146 1618 1198 ξύμπασαν

88 1221 131 1256 15
143 1215 221 1271 τήν
249 1217 370 1258 πόλιν
399 1217 526 1262 ἴέναι.
584 1214 657 1257 ἐπὶ
685 1217 731 1257 δὲ
748 1220 834 1263 τοῖς
863 1217 946 1256 τῶν
974 1210 1084 1256 ὅλων
1103 1212 1362 1268 ἐγκλήμασιν
1389 1211 1618 1268 ἐφεστᾶσιν

144 1275 343 1336 ἄρχοντες
374 1283 488 1334 δέκα,
519 1280 697 1330 οἵτινες
722 1281 774 1322 τά
793 1297 836 1322 τε
866 1279 1109 1334 ἐγκλήματα
1141 1280 1213 1322 καί
1238 1278 1317 1328 τάς
1347 1280 1497 1326 ποινὰς
1526 1279 1617 1319 ἑπι-

145 1349 352 1404 φέρουσιν
381 1346 446 1390 ἔνι’
473 1345 647 1406 ἑκάστῳ.
706 1346 845 1398 ἔξεστι
882 1348 929 1388 δὲ
956 1346 1124 1394 τούτοις
1152 1344 1226 1387 τόν
1255 1362 1301 1388 τε
1329 1343 1512 1401 ἡγεμόνα
1543 1348 1618 1385 λα-

143 1412 290 1468 βόντας
320 1415 511 1456 θανάτου
544 1413 806 1469 α’πάγεσθαι,
838 1411 918 1454 ὑπὸ
947 1414 1162 1468 μηδεμιᾶς
1189 1414 1276 1454 τῶν
1309 1413 1458 1466 α’ρχῶν
1486 1411 1617 1452 άπαι-

143 1483 372 1534 τουμένους
418 1479 496 1535 τήν
534 1480 674 1522 αἰτίαν
700 1482 772 1534 τῆς
809 1481 939 1534 δίκης.
1000 1481 1227 1521 διαιτεΐται
1259 1477 1340 1532 γὰρ
1371 1474 1517 1532 οὕτως,
1548 1476 1621 1517 καί

86 1551 133 1586 20
146 1549 429 1589 καθίστανται
474 1541 556 1602 ἤδη
597 1547 819 1601 ξυμπάσης
849 1548 922 1601 τῆς
957 1544 1120 1594 πόλεως
1149 1548 1193 1594 ές
1219 1544 1292 1594 τὰς
1319 1543 1507 1592 εὐθύνας
1534 1545 1617 1584 τῶν

145 1612 288 1655 ὁτιοῦν
318 1616 420 1668 περί
443 1629 537 1655 τινα
567 1611 894 1666 ἐξαμαρτόντων
923 1609 953 1667 ἢ
979 1612 1079 1665 περὶ
1102 1611 1175 1666 τὴν
1204 1610 1323 1652 πόλιν
1352 1608 1379 1665 ἢ
1405 1609 1448 1659 ἐς
1482 1609 1616 1663 άλλη-

145 1684 244 1727 λους
262 1695 274 1708 ·
332 1675 505 1735 ἄγονται
535 1681 582 1722 δὲ
609 1677 804 1721 θανάτου
840 1677 984 1721 ὅντινα
1017 1675 1068 1720 ἂν
1098 1679 1300 1720 ὑπόδικον
1333 1675 1507 1733 εὕρωσι,
1537 1691 1655 1723 urz—C

237 1803 270 1837 5.
294 1802 418 1849 ἕτεροι
444 1803 468 1837 Ρ
588 1803 642 1837 18.
671 1803 844 1839 θάνατον
867 1803 891 1836 Ρ
1012 1801 1066 1835 19.
1095 1800 1279 1845 διαιτηταὶ
1302 1795 1379 1848 γὰρ
1405 1793 1532 1836 offatm?

147 1921 210 1944 eos
235 1921 280 1944 ex
303 1911 402 1944 omni
426 1921 577 1944 numero
603 1910 761 1956 optimus
788 1909 956 1944 habetur.
1006 1909 1065 1943 hic
1091 1910 1182 1943 duos
1199 1910 1306 1954 ponit
1329 1909 1500 1948 calculos,
1527 1921 1615 1955 qnos

148 1954 353 2003 cuicunque
378 1958 538 1992 voluerit
572 1959 667 2007 parti
694 1957 827 1991 addere
862 1962 994 2003 potest.
1044 1958 1210 2002 princeps
1237 1957 1303 1989 ille
1329 1962 1450 1990 manet
1476 1957 1512 1989 in
1538 1958 1615 2001 pri-

147 2005 215 2038 mis
242 2016 263 2038 a
289 2005 517 2038 senatoribus
541 2003 754 2039 honoratus.
819 2006 849 2038 is
879 2006 917 2038 in
942 2005 1055 2048 regali
1083 2006 1166 2037 aula
1194 2004 1361 2038 habitans
1387 2005 1522 2038 victum
1551 2004 1616 2036 ba-

147 2051 230 2085 bet:
256 2057 420 2098 sumptus
445 2063 535 2099 quos
561 2053 659 2093 facit,
685 2053 729 2086 ab
756 2052 814 2085 his
841 2053 902 2098 qui
930 2053 1120 2085 universae
1145 2053 1284 2085 civitati
1308 2051 1530 2097 praesident,
1557 2063 1616 2084 ca-

146 2099 214 2144 pit.
261 2099 393 2134 adsunt
421 2101 454 2133 ei
478 2100 547 2134 viri
564 2100 763 2133 consiliarii
790 2111 864 2141 sex,
890 2101 978 2133 socii
1007 2100 1085 2133 eius
1111 2100 1323 2140 existentes,
1347 2104 1384 2132 et
1413 2101 1450 2131 in
1476 2104 1614 2143 partem

147 2157 309 2180 curarum
336 2147 559 2193 principatus
595 2147 836 2190 adhibentur3
873 2148 934 2192 qui
971 2147 1157 2180 mensibus
1194 2147 1290 2180 senis
1318 2147 1474 2179 evolutis
1498 2146 1616 2188 digni-

146 2198 258 2229 tatem
282 2193 484 2239 deponunt.
534 2201 618 2240 post
642 2200 809 2228 senatum
846 2206 1011 2239 magnum
1041 2195 1130 2227 alius
1159 2200 1305 2228 senatus
1333 2199 1408 2234 est,
1438 2195 1501 2239 qui
1529 2206 1615 2226 evo-

147 2240 483 2282 catorum-dicitur,
509 2242 572 2287 qui
599 2243 683 2276 viris
709 2247 852 2276 constat
876 2242 1060 2276 trecentis.
1110 2242 1207 2275 hunc
1231 2246 1398 2275 senatum
1431 2247 1554 2274 creant
1579 2242 1613 2273 in

147 2298 274 2332 magno
299 2294 440 2330 senatu,
466 2290 666 2334 allegentes
693 2290 755 2335 qui
781 2289 978 2335 prudentia
1019 2295 1203 2335 praestare
1230 2289 1413 2321 videntur.
1464 2294 1613 2321 senalus

148 2340 269 2369 autem
304 2342 532 2370 evocatorum
579 2337 626 2370 de
652 2337 753 2370 bello
791 2342 828 2370 et
865 2348 954 2391 pace
982 2336 1303 2382 legationibusque
1328 2335 1522 2368 consultat.
1576 2343 1613 2368 et

149 2383 207 2424 ei,
246 2382 490 2429 quodcunque
526 2384 642 2417 visum
681 2385 792 2417 fuerit
821 2385 882 2417 isti
907 2385 1068 2423 senatui,
1096 2385 1222 2417 civitas
1257 2389 1333 2416 tota
1358 2388 1482 2426 paret3
1511 2388 1548 2415 et
1577 2383 1612 2415 in

149 2430 380 2472 senientiam,
407 2441 515 2475 quam
541 2430 695 2471 dederit,
723 2430 888 2464 manibus
909 2431 1139 2476 pedibusque
1159 2431 1327 2463 universa
1350 2430 1475 2462 civitas
1499 2430 1609 2462 vadit.

148 2475 359 2510 criminibus
385 2479 602 2523 capitalibus
634 2480 730 2512 viros
764 2479 974 2534 praefecere
1009 2478 1154 2515 decem,
1180 2479 1242 2523 qui
1287 2483 1455 2511 accusent
1482 2482 1518 2509 et
1544 2488 1611 2522 pu-

147 2524 263 2557 niant.
313 2523 370 2557 his
394 2525 480 2559 licet
517 2536 641 2559 manus
684 2526 842 2571 principi
879 2526 1028 2559 iniicere
1057 2531 1094 2559 et
1124 2524 1170 2557 ad
1197 2535 1320 2558 necem
1350 2524 1516 2565 trahere3
1545 2536 1613 2557 nec

149 2575 203 2605 est
234 2570 297 2616 qui
335 2571 432 2604 ausit
463 2573 542 2606 eius
577 2584 719 2606 causam
756 2573 953 2618 inquirere.
1024 2573 1074 2605 sic
1098 2574 1195 2605 enim
1224 2571 1431 2605 ordinatum
1462 2577 1537 2613 est,
1575 2578 1613 2604 et

148 2623 315 2651 creantur
343 2624 385 2652 ut
411 2617 665 2666 delinquentes
691 2620 835 2654 feriant.
894 2621 967 2652 sive
996 2620 1032 2651 in
1059 2620 1239 2652 civitatem
1265 2620 1338 2650 sive
1365 2618 1402 2650 in
1432 2619 1611 2663 privatum

148 2665 230 2710 quis
254 2664 346 2710 quid
371 2667 615 2707 commiserit,
655 2667 779 2701 decem
812 2667 879 2701 viri
906 2668 933 2700 si
960 2668 1215 2710 cognoverint,
1245 2665 1290 2697 de
1319 2675 1362 2697 eo
1391 2666 1610 2710 supplicium

146 2717 304 2746 sumunt.
356 2718 439 2746 sunt
464 2719 501 2747 et
525 2713 588 2746 alii
611 2714 761 2754 iudices,
787 2716 849 2760 qui
880 2715 916 2746 in
951 2715 1101 2758 reiiquis
1127 2715 1181 2745 ius
1208 2712 1346 2752 dicunt,
1373 2713 1521 2758 quidam
1549 2726 1611 2746 ur-

147 2758 246 2801 bani,
273 2760 418 2806 quidam
445 2762 637 2806 peregrini.
694 2762 749 2794 his
781 2767 1067 2807 praeposuerunt
1105 2772 1171 2792 ma
1164 2760 1350 2804 gistratum
1377 2760 1627 2807 quadraginta·
