1858 3210
454 188 526 226 DE
565 186 736 227 REssUs
776 181 1035 225 Tchlcis
1070 184 1118 224 L.
1143 184 1238 223 vn.
1463 170 1559 220 345

100 300 170 328 τον
197 286 276 338 μὲν
300 283 382 339 γάρ
407 283 457 338 δὴ
505 282 731 338 α’γορασίαι
760 281 927 323 ἕπονται
953 283 1009 338 τῷ
1038 285 1211 334 βασιλεῖ
1235 278 1417 334 μεγάλαι
1447 276 1490 327 ἔς
1517 292 1561 319 τε

97 349 152 393 τοὶ
183 352 299 392 σιτιά
319 351 391 391 καὶ
429 348 527 399 τοὺς
567 350 722 396 ἵππους
763 348 835 388 καί
863 346 904 394 ἐς
945 347 996 388 τά
1037 346 1284 400 ἀνδράποδα
1315 345 1388 386 καί
1413 341 1456 393 ἐς
1484 341 1563 396 τὴν

97 418 173 459 τοῦ
201 418 388 470 στρατοῦ
412 418 574 470 χρείαν,
604 411 698 455 ὅτου
729 415 767 455 δ’
807 408 860 454 ἄν
885 429 923 454 τι
950 411 1172 467 ἐπιδέοιτο,
1201 411 1390 454 ἐνταῦθα
1419 406 1562 465 ἀφθό-

97 497 179 530 νως
209 497 254 524 τε
303 482 465 522 πολλῶν
495 483 539 530 ἐς
568 483 692 522 τοῦτο
731 481 1088 533 παραγινομένων.
1146 477 1252 528 μετὰ
1284 479 1330 518 δὲ
1358 478 1491 518 ταῦτα
1523 473 1562 516 οἱ

63 549 176 594 ὀτῶν
203 547 399 602 μεγάλων
429 544 522 588 ὅσοι
541 549 710 589 ἕπονται
740 547 798 602 τῷ
823 549 1004 600 βασιλεῖ,
1031 541 1240 597 ὑποζύγιά
1257 558 1300 585 τε
1331 542 1560 595 πάμπολλα

96 612 268 662 ἕκαστος
296 613 486 667 περιάγει
515 610 558 660 ἐς
585 610 657 666 τὴν
685 613 891 663 ἐξέλασιν,
919 609 957 651 οἱ
986 612 1063 663 μέν
1093 624 1139 650 τε
1174 607 1388 663 καμήλους
1415 607 1562 648 σιτίων

96 678 170 721 καί
199 675 339 721 ὅπλων
369 681 442 720 καί
471 679 622 733 κριθῆς
651 681 721 732 τῆς
748 675 990 731 ὑποζυγίων
1018 677 1181 731 τροφῆς
1209 673 1353 722 ἱκανὰς
1384 673 1562 727 ἔχοντες,

98 742 136 786 οἱ
165 746 212 787 δὲ
243 742 464 799 ἡμιόνους,
493 742 533 786 οἱ
563 745 611 785 δὲ
640 743 975 799 συναμφότερα,
1006 741 1044 784 οἱ
1081 743 1128 783 δὲ
1157 742 1228 783 καί
1256 742 1422 791 ἵππους,
1454 737 1562 781 ὥστε
1580 751 1607 783 D

98 809 300 852 διπλάσια
327 808 520 864 γίνεσθαι
551 807 601 851 τά
634 807 845 863 ὑποζύγια
873 812 949 851 τοῦ
969 809 1168 865 στρατοῦ.
1225 807 1358 862 πάρεξ
1387 809 1433 848 δὲ
1461 805 1566 847 τού-

44 885 178 920 ιθτων
206 873 399 930 περιάγει
425 873 573 929 ὅμιλον
618 875 702 917 α’πὸ
733 878 806 930 τῆς
829 875 976 930 χώρας
1017 875 1153 916 αὐτοῦ
1182 872 1329 916 σιτίων
1358 888 1402 914 τε
1428 871 1562 920 ἕνεκα,

98 942 172 984 καί
199 940 370 984 ἐπειδὰν
399 943 442 990 ἐς
474 941 659 996 α’νάγκην
679 945 867 998 καταστῇ
897 940 943 983 τὸ
975 940 1272 995 στρατόπεδον,
1305 937 1566 991 ἐπιδιελόμε-

96 1023 166 1057 νος
195 1013 280 1056 τοῖς
309 1006 495 1062 α’ρίστοις
528 1007 602 1061 τὴν
629 1006 793 1063 τροφήν
823 1003 936 1049 οὕτω
965 1012 1105 1062 χωρεῖ’
1125 1005 1192 1062 ἐφ’
1225 1002 1245 1047 ὅ
1274 1022 1316 1047 τι
1350 1002 1401 1047 ἂν
1429 1007 1566 1058 γένοι-

95 1088 156 1116 το.
213 1073 367 1128 σκηνάς
398 1075 445 1115 δὲ
474 1070 535 1115 ἔτι
565 1074 611 1115 ἐν
649 1075 706 1131 τῷ
735 1075 1004 1131 στρατοπέδῳ
1043 1075 1120 1114 τοῦ
1161 1075 1371 1125 βασιλέως
1400 1069 1485 1113 ἴδοι
1515 1067 1566 1113 ἄν

96 1155 160 1189 τις
190 1140 234 1188 ἐς
259 1141 442 1194 μυρίας,
475 1141 547 1180 καί
576 1141 744 1187 πλειόυς
772 1141 845 1180 καί
880 1137 1087 1187 ἐλάσσους
1116 1137 1286 1194 τούτων,
1319 1138 1376 1186 ὥς
1405 1139 1567 1192 τυγχά-

43 1217 86 1251 15
99 1220 161 1247 νει
189 1204 536 1259 στρατευόμενος.

213 1264 321 1312 Τότε
351 1271 430 1323 μὲν
459 1270 524 1325 δή,
552 1270 610 1320 ὥς
638 1269 881 1326 ἐτάχθησαν
918 1270 1202 1326 σαραχόριδες
1232 1273 1276 1320 ἑς
1304 1270 1403 1319 τοὺς
1422 1267 1566 1325 Ἕλλη..

99 1352 188 1392 νας,
219 1335 445 1389 ἐπειρῶντό
474 1353 518 1379 τε
547 1337 686 1380 αὐτῶν
723 1340 797 1379 καί
830 1336 1039 1391 ἐμάχοντο
1069 1337 1125 1387 ὥς
1157 1367 1168 1379 .
1199 1369 1209 1378 .
1241 1368 1252 1379 .
1283 1368 1294 1378 .
1322 1340 1397 1391 τῆς
1424 1337 1566 1390 ἐρεθί-

102 1403 244 1453 ζοντες
278 1401 350 1444 ἑπί
377 1403 523 1458 μάχην
566 1403 639 1444 καὶ
680 1405 1054 1457 ἐπαγρυπνοῦντες.
1124 1400 1180 1451 ὥς
1223 1404 1270 1444 δὲ
1299 1402 1384 1457 η’ώς
1413 1419 1458 1444 τε
1486 1399 1674 1457 7'2'0‘171445

99 1465 337 1523 ὑπέφαινε,
384 1468 580 1522 κύμβαλά
612 1485 655 1511 τε
683 1471 756 1511 καί
783 1468 933 1510 αὐλικοὶ
983 1471 1056 1511 καί
1083 1470 1308 1523 σάλπιγγες
1338 1471 1415 1510 τοῦ
1441 1467 1614 1522 βασι-(1·
1633 1467 1651 1500 7
1669 1468 1754 1501 Dec.

40 1540 87 1575 20
100 1535 204 1582 λε’ως
237 1537 514 1590 (καταφανεῖς
558 1537 605 1578 δέ
633 1538 716 1578 εἰσι
752 1537 808 1593 τῷ
851 1537 1024 1588 μεγέθει
1057 1537 1139 1577 τῶν
1173 1536 1309 1591 ἠχῶν)
1343 1536 1566 1589 α’ναδηλῶν
1583 1514 1696 1548 μ’183

98 1599 155 1648 ὥς
190 1599 311 1654 μάχη
353 1616 396 1642 τε
445 1598 526 1656 ἤδη
569 1603 741 1655 γίνεται.
811 1603 882 1643 καί
930 1600 1099 1644 ἕκαστοι
1140 1602 1566 1655 παρασκευασάμενοι

97 1662 280 1722 ἐπῄεσαν
299 1667 342 1715 ἐς
362 1665 408 1708 τὸ
431 1673 584 1721 τεῖχος,
618 1669 767 1709 αὕτίκα
795 1669 1144 1720 τειχομαχοῦντες
1162 1667 1269 1708 κατὰ
1304 1665 1350 1709 τὸ
1373 1667 1564 1720 ἰσχυρόν.

97 1729 297 1784 βασιλεύς
324 1747 369 1774 τε
409 1734 539 1782 αὕτός
569 1735 641 1775 καί
668 1731 707 1775 οἱ
740 1730 938 1788 νεήλυδες
978 1733 1085 1775 κατά
1116 1732 1162 1776 τὸ
1191 1735 1323 1786 μέσον
1353 1735 1430 1776 τοῦ
1456 1733 1566 1775 Ἰσθ-

192 1846 228 1880 4.
254 1848 374 1895 πολλῷ
403 1849 427 1882 Ρ
559 1849 618 1884 20.
650 1849 883 1893 ἄνεδὴλουνῖ

101 1948 238 1983 emunt,
262 1954 407 1976 necnon
436 1945 576 1990 reliqua
605 1946 736 1992 quibus
763 1946 903 1991 indiget
929 1947 1121 1979 exercitus.
1147 1945 1234 1978 hinc
1260 1956 1376 1978 rerum
1405 1946 1565 1978 omnium

99 1991 271 2024 exercitui
295 1990 394 2024 dives
421 1993 524 2037 copia
551 1999 616 2026 est.
668 1999 852 2037 praeterea
882 2000 1062 2038 magnates
1092 1995 1154 2038 qui
1185 1993 1404 2026 comitantur
1432 2004 1563 2036 regem,

98 2037 231 2081 singuli
256 2037 407 2082 plurima
434 2039 472 2072 in
506 2039 775 2085 expeditionem
811 2040 997 2074 adducunt
1031 2042 1202 2073 iumenta.
1263 2039 1409 2085 quidam
1446 2039 1563 2072 addu-

48 2111 55 2114 .
98 2090 186 2118 cunt
210 2085 376 2125 camelos,
406 2086 469 2131 qui
496 2098 591 2119 arma
630 2087 849 2120 frumentum
877 2093 913 2121 et
938 2087 1136 2128 hordeum,
1172 2093 1211 2120 ut
1235 2087 1407 2132 pabulum
1434 2088 1481 2120 sit
1507 2088 1563 2119 iu-

98 2131 228 2164 mentis
249 2130 437 2172 sufficiens,
464 2139 620 2176 portant.
674 2134 817 2180 quidam
837 2146 963 2180 equos,
989 2134 1133 2180 quidam
1161 2135 1291 2175 mulos,
1317 2134 1462 2179 quidam
1493 2139 1561 2166 tam

99 2188 212 2223 equos
237 2189 341 2223 quam
368 2180 485 2212 mulos
512 2181 549 2213 in
579 2181 849 2225 expeditionem
881 2188 1004 2225 agunt.
1055 2181 1182 2214 horum
1211 2187 1331 2214 autem
1356 2188 1476 2214 tantus
1507 2187 1561 2214 est

97 2236 266 2258 numerus
292 2231 333 2259 ut
357 2226 469 2271 duplo
509 2228 751 2261 iumentorum
779 2240 947 2262 numerus
973 2229 1158 2262 hominum
1187 2239 1372 2260 numerum
1403 2239 1562 2273 exsupe-

99 2277 164 2306 ret..
213 2273 433 2306 comitantur
475 2285 590 2319 regem
615 2277 679 2308 alii
706 2276 848 2320 plurimi
887 2277 931 2308 ab
958 2288 1020 2309 sua
1047 2276 1205 2319 regione,
1233 2286 1384 2320 quorum
1411 2287 1495 2308 usus
1524 2275 1562 2308 in

100 2318 418 2353 frumentationem
450 2323 622 2356 maximus
656 2329 721 2356 est.
773 2324 801 2355 si
843 2324 1035 2356 necessitas
1073 2323 1194 2368 aliqua
1226 2322 1399 2366 ingruerit
1424 2323 1562 2355 exerci-

98 2365 164 2406 tui,
189 2365 360 2399 alimenta
385 2369 421 2399 in
448 2369 637 2412 optimates
656 2369 856 2410 distribuit,
883 2377 918 2403 et
943 2371 991 2403 sic
1020 2370 1271 2415 proficiscitur.
1322 2370 1561 2402 tentoriorum

99 2413 180 2458 quis
209 2418 333 2446 cernat
357 2415 394 2447 in
414 2416 537 2450 castris
563 2418 654 2461 regis
681 2418 896 2462 plerumque
922 2417 1045 2451 decem
1071 2417 1181 2457 milia,
1208 2417 1288 2461 plus
1315 2416 1477 2449 minusve
1504 2427 1562 2449 re-

98 2463 223 2504 spectu
249 2459 502 2504 expeditionis.

191 2506 240 2539 Eo
265 2506 412 2551 quidem
438 2514 598 2554 tempore
636 2510 882 2547 sarachorides
924 2511 1080 2555 oppositi
1109 2510 1255 2543 Graecis
1280 2520 1342 2542 eos
1366 2508 1561 2554 pugnando

97 2552 286 2586 tentabant
305 2570 322 2586 ψ
344 2572 362 2586 α
387 2571 404 2587 ⁴1
429 2560 612 2602 totamque
638 2564 779 2591 noctem
806 2557 989 2590 ducebant
1005 2558 1218 2595 insomnem,
1248 2561 1288 2589 ut
1313 2556 1358 2588 ad
1385 2557 1561 2601 praelium

99 2600 254 2633 Graecos
285 2600 488 2635 incitarent.
550 2610 589 2637 ut
622 2615 750 2637 aurora
779 2605 913 2645 illuxit,
949 2605 1047 2648 signa
1073 2614 1201 2637 canere
1227 2603 1331 2636 iubet
1358 2614 1438 2636 rex:
1464 2614 1562 2646 cym-

98 2645 180 2679 bala
207 2657 342 2679 cornua
381 2647 562 2695 tubaeque
598 2662 752 2696 pugnam
783 2652 853 2684 iam
880 2652 958 2684 fore
995 2652 1150 2683 maximo
1176 2661 1265 2683 sono
1297 2650 1559 2693 significabant.

98 2693 205 2727 Tui-ci
230 2694 390 2727 instructi
421 2697 651 2741 occipiebaut
682 2710 819 2731 murum
858 2708 1068 2743 oppugnare
1109 2709 1215 2740 quam
1243 2697 1447 2730 fortissime.
1499 2708 1560 2730 rex

99 2745 137 2773 et
159 2741 337 2786 peregrini
372 2744 495 2776 armati
535 2745 573 2777 in
601 2746 676 2778 acie
711 2746 885 2780 instructa
923 2744 1069 2779 stabant
1106 2745 1142 2777 in
1183 2743 1301 2777 medio
1332 2744 1467 2785 isthmi,
1498 2745 1560 2778 ubi
