1748 3210
196 182 286 227 192
518 177 734 226 L'AONlci
776 182 1287 225 CHALCOCONDYLAE

192 298 261 330 τος
289 284 365 334 μὲν
394 277 419 338 ᾗ
449 283 628 335 ἐκδιδοῖ,
655 279 857 336 πρότερόν
885 296 957 333 μοι
996 281 1226 334 δεδήλωται
1244 297 1254 307 ·
1311 282 1494 334 λέγονται
1525 284 1562 323 δ’
1588 281 1626 323 οἱ

153 349 265 400 Οτῆς
296 348 427 395 οἰκίας
460 346 614 400 ταύτης
658 345 700 394 ἐς
728 346 803 399 τὴν
842 346 1112 387 Μεδιολάνου
1143 346 1214 386 καί
1238 346 1308 399 τῆς
1337 342 1462 400 ἄλλης
1490 350 1627 400 Λιγυ-

193 413 286 464 ριάς
317 411 456 466 ἀρχὴν
485 411 732 464 καταστῆναι
778 409 914 467 τρόπῳ
960 412 1114 465 τοιῷδε.
1187 409 1352 462 δράκων
1397 409 1476 452 ἀπὸ
1510 407 1626 464 ὄρεος

192 479 348 531 φοιτῶν
379 478 421 523 ἐς
461 474 534 530 τὴν
571 474 691 516 πόλιν
721 474 969 530 ἀνθρώπους
1012 477 1274 529 διαφθείρων
1300 477 1374 516 οὐκ
1401 474 1626 527 ἐπαύσατο,

190 541 285 588 τούς
303 556 347 582 τε
366 540 435 581 ὲπί
453 540 501 582 τὰ
521 539 622 594 ἔργα
646 538 843 589 ἀπιόντας
866 539 937 581 καί
959 538 1028 580 έπί
1044 538 1142 586 τούς
1161 539 1324 593 α’γρούς,
1344 546 1516 593 γυναῖκα
1533 543 1624 593 μέν,
1637 549 1658 582 5

189 599 214 660 ᾗ
239 608 414 657 λέγεται,
444 596 563 647 οὕδέν
582 622 620 646 τι
640 606 896 656 ποιούμενος,
926 605 998 645 καί
1022 603 1117 651 τούς
1135 619 1181 657 γε
1214 598 1366 658 ἄνδρας
1389 602 1458 646 ἐπὶ
1472 605 1627 658 συχνὸν

189 669 338 723 χρόνον
382 672 682 722 διελυμαίνετο.
759 672 829 711 καί
867 668 1014 710 πολλοὶ
1054 666 1103 722 δη
1134 671 1196 710 ἐπ’
1225 667 1355 709 αὐτὸν
1386 669 1626 718 ἐπελθόντες

190 732 320 775 πολλοὶ
352 750 396 775 τε
427 737 497 775 καί
537 734 740 788 α’νήκεστα
770 734 872 787 πρὸς
901 735 975 774 τοῦ
1003 731 1133 787 θηρὸς
1163 734 1474 783 ἐπεπόνθεισαν.
1504 730 1628 788 ἤνυον

190 801 235 839 δὲ
269 800 403 844 ου’δέν.
461 793 583 848 οὗτος
611 799 661 854 δὴ
689 799 710 839 ὁ
742 798 1050 853 ῙΙῚαριάγγελος,
1083 800 1244 851 πρῶτος
1274 801 1345 851 τῆς
1369 799 1500 846 οἰκίας
1527 798 1627 840 ταυ’-

187 880 282 918 της,
328 863 537 917 Βρετανὸς
580 865 626 904 δὲ
664 863 707 905 τό
733 866 869 918 γένος,
913 861 1148 916 θεράποντα
1177 864 1394 912 ἐξοπλίσας
1421 867 1625 920 πανοπλίᾳ
1642 875 1683 908 10

187 931 259 969 καί
296 927 423 976 αὐτὸς
462 927 685 970 ἐνεδύσατο
726 931 970 969 πανοπλίαν.
1028 926 1135 979 μετὰ
1166 929 1240 982 δέ,
1283 927 1338 975 αἷς
1366 924 1428 984 ᾔει
1459 927 1531 969 έπί
1556 927 1628 969 τόν

187 996 328 1046 θῆρα,
356 992 427 1035 τὸν
453 994 591 1045 μέντοι
622 993 860 1048 θεράποντα
895 991 1038 1045 χανών
1076 991 1181 1033 κατὰ
1208 995 1335 1045 μέσον
1363 991 1555 1048 έσεφόρει
1587 993 1629 1041 ἒς

188 1057 256 1098 τὸν
286 1056 436 1110 λαιμὸν
467 1058 627 1098 αότοῦ·
688 1058 744 1106 ὥς
775 1059 811 1098 δ’
843 1054 919 1111 ἤδη
946 1055 1086 1110 χανών
1108 1052 1201 1098 οὕτε
1230 1056 1346 1105 ἐντός
1373 1061 1514 1110 λαβεῖν
1543 1055 1629 1106 οἷός

146 1127 233 1163 Dte
263 1121 422 1173 ἐγένετο
450 1117 542 1164 οὔτε
573 1121 615 1171 ἐς
653 1125 837 1164 τούπίσω
864 1122 1113 1176 ἐξορμῆσαι,
1153 1123 1311 1163 πελέκει
1342 1122 1415 1177 τὴν
1445 1121 1628 1178 κεφαλήν

187 1189 261 1228 τοῦ
290 1186 509 1242 δράκοντος
536 1189 743 1239 καταίρων
766 1188 939 1238 διέτεμε.
995 1188 1066 1227 καί
1094 1186 1114 1227 ὃ
1142 1189 1279 1237 μέντοι
1309 1187 1472 1241 δράκων
1497 1187 1624 1242 ταύτῃ
1642 1202 1683 1235 15

186 1249 319 1303 ἔπεσε,
349 1250 422 1292 καί
450 1251 471 1305 ἦ
502 1250 619 1299 πόλις
646 1252 905 1305 ἠλευθέρωτο
934 1254 1011 1291 τοῦ
1042 1250 1173 1304 θηρὸς
1210 1253 1478 1303 πολεμοῦντος
1509 1253 1627 1305 αὐτῇ.

187 1315 259 1356 καί
287 1312 393 1356 οὕτω
426 1315 474 1369 δη
505 1313 727 1370 στρατηγόν
743 1331 787 1356 τε
815 1318 961 1370 σφίσιν
992 1316 1031 1356 οἱ
1059 1314 1104 1356 τὸ
1129 1313 1394 1357 Μεδιόλανον
1422 1314 1627 1356 ἐνοικοῢν-

187 1396 254 1428 τες
278 1379 515 1434 ἐστήσαντο,
548 1383 620 1421 καί
647 1378 841 1433 ἡγεῖσθαι
871 1379 1057 1421 ἐκέλευον
1099 1379 1167 1421 ἐπὶ
1193 1378 1289 1428 τούς
1319 1379 1539 1431 πολεμίους
1569 1380 1635 1430 ὥς

189 1440 322 1499 ἄνδρα
352 1444 513 1498 ἀγαθὸν
538 1444 767 1498 γενόμενον.
803 1447 895 1496 μετ’
924 1444 974 1484 οὔ
1003 1443 1134 1486 πολύν
1162 1446 1206 1486 δὲ
1231 1443 1380 1497 χρόνον
1407 1442 1570 1498 ἡγεμών
1584 1460 1626 1485 τε

188 1513 380 1564 κατέστη,
411 1510 675 1565 δορυφόρους
706 1508 813 1562 ἔχων
842 1506 950 1564 ἄμφ’
978 1508 1105 1551 αὑτὸν
1135 1509 1207 1550 καί
1234 1509 1328 1558 τούς
1361 1508 1404 1551 ἐν
1432 1512 1483 1565 τῇ
1509 1509 1623 1550 πόλει
1637 1524 1682 1558 20

187 1577 410 1615 πείθεσθαι
439 1574 692 1628 ἀναγκάζων.
749 1571 858 1616 οὕτω
889 1574 938 1628 δη
980 1569 1175 1628 ἄρξαντος
1203 1574 1355 1630 ταύτης
1383 1577 1455 1628 τῆς
1483 1577 1624 1628 χώρας

187 1637 257 1680 έπί
281 1639 483 1694 τεσσαρας
499 1639 642 1693 γενεάς
669 1638 711 1688 ἐς
741 1642 814 1681 τὸν
849 1641 1056 1681 Φίλιππον
1083 1640 1107 1694 ἢ
1138 1638 1248 1694 α’ρχή
1280 1640 1495 1694 περιῆλθε,
1521 1637 1624 1694 πρὸς

279 1753 335 1787 21.
365 1753 539 1800 ἄρξαντες
549 1754 565 1787 ἰ’

187 1861 343 1905 cipatum
370 1860 670 1892 Mediolanensem
697 1866 733 1893 et
757 1861 795 1893 in
823 1861 994 1905 reliquam
1026 1860 1201 1903 Liguriam
1232 1861 1352 1894 allecti
1375 1866 1467 1894 sunt.
1515 1861 1620 1895 draco

188 1918 231 1939 ex
256 1912 374 1939 monte
409 1907 446 1938 in
476 1906 594 1938 urbem
620 1906 751 1939 vadens
788 1918 947 1951 magnam
973 1912 1122 1949 stragem
1147 1907 1342 1946 hominum,
1370 1908 1430 1952 qni
1461 1907 1507 1940 ad
1530 1919 1621 1953 ope-

189 1964 224 1985 ra
253 1958 289 1985 et
314 1952 357 1985 ad
385 1964 483 1995 agros
510 1953 715 1996 pergebant,
742 1953 856 1985 facere
884 1964 955 1985 non
983 1953 1162 1985 cessabat:
1189 1953 1368 1986 mulierem
1395 1959 1512 1987 tamen
1536 1955 1619 1987 nul-

188 2000 268 2038 lam,
295 2004 333 2031 ut
358 1999 470 2039 aiunt,
497 1999 675 2031 laedebat.
724 2000 807 2031 viris
833 2005 950 2031 tamen
978 1999 1082 2042 longo
1102 2005 1260 2044 tempore
1284 2000 1432 2032 infestus
1458 2005 1533 2034 erat
1556 2011 1618 2033 va·

188 2044 324 2078 stando.
384 2045 527 2089 plurimi
561 2056 705 2090 quoque
747 2046 896 2078 bestiam
920 2046 1017 2077 illam
1047 2050 1086 2078 ut
1122 2046 1372 2085 interficerent,
1396 2051 1515 2079 contra
1541 2057 1618 2079 eam

187 2091 302 2124 ibant:
335 2102 452 2123 verum
479 2090 570 2123 nihil
608 2091 831 2134 proficientes
860 2097 1013 2124 extrema
1053 2102 1214 2136 quaeque
1248 2092 1486 2135 patiebantur.
1535 2097 1619 2125 tan-

187 2138 266 2170 dem
294 2137 553 2180 Mariangelus‚
580 2137 872 2180 Mariangelorum
901 2138 1055 2169 familiae
1081 2138 1268 2181 princeps,
1303 2139 1448 2170 natione
1477 2139 1616 2171 Britan-

185 2196 251 2217 nus
279 2185 351 2216 sive
377 2183 517 2226 Auglus,
546 2183 742 2215 ministrum
785 2195 884 2216 suum
914 2189 949 2216 et
976 2185 1203 2227 semetipsum
1229 2189 1418 2223 armatura,
1443 2195 1536 2229 quae
1561 2190 1617 2217 to-

187 2237 259 2264 tum
285 2240 409 2273 corpus
433 2235 577 2272 tegeret,
601 2240 738 2262 armans
767 2230 907 2262 obviam
932 2229 1058 2262 beluae
1084 2230 1266 2274 processit.
1328 2231 1525 2263 ministrum
1549 2231 1617 2273 igi-

186 2282 244 2309 tur
270 2287 347 2308 cum
374 2276 478 2308 belua
502 2281 642 2308 voraret
666 2282 701 2308 et
727 2275 882 2308 medium
909 2276 947 2307 in
980 2276 1069 2308 rictu
1098 2281 1265 2320 portaret,
1291 2287 1357 2308 nec
1382 2287 1460 2309 eum
1485 2277 1523 2310 in
1553 2277 1616 2309 illa

186 2323 372 2355 demittere
396 2322 453 2354 vet
479 2332 640 2354 evomere
667 2327 799 2366 posset,
824 2322 936 2354 securi
973 2321 1100 2354 beluae
1125 2327 1230 2365 caput
1256 2323 1462 2366 amputavit.
1511 2322 1615 2356 draco

186 2370 222 2402 in
252 2368 344 2401 hunc
370 2367 514 2400 modum
538 2368 661 2412 periit3
686 2369 879 2412 civitasque
905 2368 1056 2400 liberata
1081 2367 1125 2399 ab
1149 2368 1215 2400 ista
1242 2368 1366 2408 bestia,
1392 2380 1410 2401 a
1437 2379 1507 2414 qua
1531 2369 1615 2401 sub-

186 2414 269 2447 inde
299 2414 591 2459 oppugnabatur,
615 2414 870 2457 Mariangelum
910 2413 1036 2446 ducem
1064 2414 1171 2456 elegit
1201 2420 1236 2447 et
1268 2421 1390 2447 contra
1414 2414 1536 2448 hostes
1563 2416 1614 2447 ire

186 2461 299 2500 iussit,
325 2467 362 2494 ut
389 2461 451 2506 qui
476 2461 586 2492 virum
610 2460 742 2492 bonum
768 2466 803 2492 et
827 2461 953 2492 fortem
974 2471 1010 2492 se
1029 2459 1257 2492 exhibuisset.
1305 2472 1370 2493 nec
1386 2461 1498 2496 multo
1523 2466 1614 2505 post,

187 2512 226 2540 ut
250 2508 318 2539 sibi
349 2507 652 2540 Mediolanensem
688 2507 922 2551 principatum
963 2506 1207 2538 constabiliret
1237 2512 1272 2539 et
1297 2509 1388 2539 cives
1414 2506 1613 2547 obedirent,

186 2554 387 2593 satellites,
413 2565 500 2598 quos
540 2553 694 2597 corporis
725 2553 777 2584 sui
813 2551 975 2585 custodes
1001 2563 1075 2584 esse
1103 2552 1236 2592 voluit,
1263 2552 1407 2597 delegit.
1456 2564 1528 2597 quo
1557 2565 1614 2586 re-

185 2605 335 2642 gnante,
379 2600 605 2642 generatione
645 2598 785 2631 demum
826 2604 950 2643 quarta
976 2604 1076 2642 post,
1100 2599 1317 2643 principatus
1346 2602 1382 2632 in
1411 2598 1612 2643 Philippum

186 2645 339 2685 devenit,
363 2656 442 2678 cum
467 2657 537 2690 quo
565 2645 693 2678 Veneti
719 2644 852 2678 bellum
879 2645 1069 2688 gerebant,
1094 2651 1253 2678 creantes
1289 2645 1334 2678 ad
1362 2645 1399 2677 id
1428 2645 1533 2678 duces
1557 2645 1612 2677 vi-

185 2703 239 2724 ros
265 2691 376 2724 bonos
404 2696 440 2724 et
464 2702 625 2736 magnam
651 2692 825 2736 regionem
861 2691 1110 2735 gubernantes.
1167 2692 1279 2736 primo
1309 2691 1452 2737 quidem
1477 2692 1612 2725 Carmi-
