1774 3204
237 179 331 228 514
548 184 766 227 ιΑοΝιοι
809 183 1315 228 CHALCOCONDYLAE

234 280 356 337 εὖρος
385 286 456 325 ἕπε’
477 284 676 331 σταδίους
713 279 826 323 ἑπτά.
889 278 1087 328 σκόλοπες
1129 282 1176 322 δὲ
1214 278 1387 334 μεγάλοι
1427 282 1592 334 ἐνῆσαν,
1618 281 1664 322 ἐν

236 346 296 396 οἷς
325 350 694 399 ὃιαπεπειρωμένοι
724 342 871 400 ἄνδρες
897 361 939 386 τε
971 348 1042 386 καί
1065 350 1254 398 γυναῖκες
1280 345 1352 386 καί
1378 347 1524 393 παῖδες
1551 345 1666 399 α’μφί

232 413 327 460 τοὺς
356 415 627 464 δισμυρίους,
669 411 726 460 ὥς
755 413 931 463 ἐλέγετο,
958 413 1098 462 θέαμα
1141 413 1384 462 παρείχοντο
1412 415 1498 458 τοῖς
1532 408 1664 463 Τοόρ-

232 491 318 523 κοις
346 479 417 516 καί
443 476 555 530 αὐτῷ
574 478 628 531 τῷ
645 478 818 526 βασιλεῖ’.
849 476 920 515 καί
947 471 969 514 ὅ
989 489 1034 514 τε
1049 474 1244 526 βασιλεὺς
1263 476 1305 514 ἐν
1324 475 1470 525 θαῦμα
1497 475 1664 527 ἐρισχε-

231 543 321 587 θεῖς
349 538 529 594 ἔφασκεν
560 539 615 588 ὥς
644 541 696 579 ου’
725 538 900 580 δυνατόν
935 541 1045 580 ἐστιν
1080 533 1212 591 ἄνδρα
1245 536 1355 579 οὕτω
1383 536 1571 591 μεγάλως
1597 539 1695 590 rip-5

232 606 464 658 γασάμενον
490 605 767 659 α’φαιρεῖσθαι
796 619 870 655 την
887 603 1044 656 χώοαν,
1074 619 1130 650 ως
1157 605 1379 654 δαιμονίως
1407 604 1662 659 ἐπισταμένῳ

193 671 418 722 Οχρῆσθαι
448 671 498 725 τῇ
538 667 651 725 ἀρχῇ
690 685 759 709 και
778 674 862 715 τοῖς
900 669 1106 722 ὑπηκόοις.
1174 670 1246 708 καί
1269 667 1405 722 ἔλεγεν
1433 683 1489 716 ως
1508 668 1665 708 πολλοῦ

231 730 315 786 ὅρα
339 729 450 782 ἄξιος
496 731 558 786 εἴη
587 730 606 772 ὃ
652 733 758 784 α’νὴρ
794 735 912 779 οὗτος
950 734 1123 772 τοιαῦτα
1169 730 1458 785 ἐργασάμενος.
1524 730 1595 772 καί
1625 729 1663 772 οἱ

232 799 369 836 λοιποί
402 799 580 849 Τοῦρκοι
620 796 793 848 ὁρῶντες
832 795 878 836 τὸ
925 798 1082 848 πλῆθος
1123 799 1205 837 τῶν
1243 796 1314 837 ἐπι
1350 802 1436 845 τοῖς
1465 794 1664 848 σκόλοψιν

232 862 395 913 α’νὸρῶν
425 862 717 914 ἐξεπλήττοντο.
774 862 921 913 ἐνῆσαν
950 862 995 902 δὲ
1026 862 1098 901 καί
1122 860 1247 914 νήπια
1280 863 1401 902 τέκνα
1433 863 1515 902 τῶν
1539 862 1663 914 μητέ-
1679 864 1720 898 10

95 929 220 965 v.213
233 941 317 978 ρων
341 926 593 978 ἐξηρτημένα
624 926 668 965 ἐν
694 930 777 971 τοῖς
806 923 1018 976 σκόλοψιν,
1050 927 1122 965 καί
1147 923 1274 978 πτηνοὶ
1303 924 1478 980 ἑνῴκουν
1503 926 1549 966 ἐν
1577 930 1664 973 τοῖς

230 988 414 1040 ἐγκάτοις
443 989 582 1028 αὐτῶν
619 987 912 1042 ἑμφολεύοντα.
981 988 1037 1035 ὥς
1066 989 1111 1028 δὲ
1139 987 1253 1040 πρὸς
1272 994 1356 1036 τοῖς
1382 987 1667 1043 στρατεύμασι

229 1055 432 1106 βασιλέως
461 1050 714 1106 ἐφεπόμενος
759 1051 781 1092 ὅ
810 1053 974 1101 Βλάὸος
1009 1051 1183 1106 ἔφθειρε
1211 1068 1255 1094 τε
1297 1052 1341 1094 εἴ
1363 1069 1442 1095 που
1482 1055 1667 1095 διασπα-

230 1121 364 1171 σθειή,
393 1116 475 1158 εἴτε
504 1114 759 1170 ἱπποδρόμος
787 1116 869 1158 εἴτε
900 1116 1087 1171 α’ζάπης,
1117 1116 1242 1165 αὐτὸς
1267 1119 1344 1170 μὲν
1376 1116 1571 1171 ἐτράπετο
1599 1117 1669 1159 ἐπὶ

230 1181 304 1223 τὸν
334 1183 546 1234 ΠΊελαίνης
576 1182 818 1234 Πογὸανίας
860 1180 1067 1235 ἡγεμόνα,
1097 1183 1411 1234 πολιορκοῦντα,
1440 1181 1496 1230 ὥς
1523 1179 1665 1236 ἦγγέλ-
1679 1190 1721 1223 15

189 1250 323 1286 Πλετο
353 1244 476 1299 αὐτῷ,
502 1243 548 1284 τὸ
580 1245 755 1285 Κελλίον
772 1274 783 1296 ,
811 1246 991 1297 στρατόν
1032 1247 1077 1286 δὲ
1106 1244 1221 1299 ἅμφί
1244 1244 1340 1293 τούς
1365 1242 1668 1298 ἑξακισχιλίους

232 1308 470 1350 καταλιπών
500 1309 631 1349 αὐτοῦ’
659 1307 871 1362 παρεγγύα
900 1311 1077 1351 ἕπεσθαι
1095 1313 1154 1366 τῷ
1177 1312 1348 1362 βασιλεῖ
1370 1310 1441 1351 διὰ
1468 1313 1548 1352 τῶν
1567 1312 1666 1365 δρυ-

231 1372 397 1426 μώνων,
427 1375 499 1413 καί
527 1367 577 1425 ἦν
605 1375 666 1420 τίς
694 1388 774 1413 που
803 1375 1108 1427 ὁιασπασθείη,
1136 1376 1282 1415 τοῦτον
1310 1374 1492 1422 ἐπιόντες
1523 1373 1668 1415 αὐτίκα

232 1440 474 1490 ἐπιβαίνειν.
543 1436 615 1477 καί
651 1435 671 1478 ὃ
716 1440 794 1488 μὲν
821 1433 941 1491 ἤγετο
972 1437 1095 1490 ὁμόσε
1123 1440 1180 1495 τῷ
1204 1442 1398 1493 μελαίνης
1425 1440 1669 1492 Πογδανιάς

232 1501 426 1557 ἡγεμόνι·
481 1501 502 1543 ὁ
540 1503 586 1542 δὲ
621 1502 815 1557 στρατός,
843 1504 898 1552 ὥς
937 1500 1139 1555 α’νεχώρει
1178 1504 1200 1543 ὁ
1229 1502 1453 1558 βασιλεύς,
1494 1502 1568 1545 ἰθύ
1594 1504 1725 1548 τοῦ20

234 1569 413 1621 στρατοῦ
439 1565 638 1620 ἐλαύνων,
669 1568 1037 1621 α’ναθαρρήσαντες
1069 1565 1124 1616 ὥς
1153 1569 1377 1624 οἰχομένῳ,
1407 1566 1671 1610 ἐπεισπεσόν-

234 1648 299 1681 τες
326 1630 516 1685 μεγάλως
543 1630 716 1684 ἡγοῦντο
748 1631 1059 1686 εὐδοκιμήσειν,
1098 1633 1169 1675 καί
1195 1632 1377 1682 ἐπιόντες
1403 1631 1446 1681 ἐς
1471 1631 1517 1674 τὸ
1545 1648 1671 1687 στρα-

326 1731 359 1764 2.
388 1729 683 1776 διαπεπαρμένοι
692 1730 708 1763 ?

235 1819 362 1853 misere
390 1823 653 1863 peremptorum
681 1830 844 1851 numerus
873 1818 1177 1863 complectebatur
1202 1819 1325 1862 viginti
1353 1819 1450 1852 milia
1475 1818 1669 1852 hominum.

238 1865 400 1910 profecto
428 1863 644 1897 horrendum
677 1869 714 1898 et
737 1865 939 1898 miserabile
967 1865 1206 1908 spectaculum
1233 1877 1309 1897 cum
1333 1866 1457 1899 Tui-cis
1483 1871 1558 1898 tum
1585 1866 1669 1909 regi.

242 1923 302 1944 rex
321 1910 559 1943 admiratione
579 1911 715 1943 defixus
733 1910 875 1943 dicebat
899 1910 1020 1943 “haud
1033 1911 1203 1955 possibile
1221 1916 1274 1944 est
1288 1922 1366 1944 eum
1380 1911 1490 1944 virum
1508 1912 1569 1956 qui
1582 1911 1671 1944 adeo

242 1967 367 2000 magna
393 1957 543 1997 fecerit,
570 1958 713 2000 regione
739 1968 798 1989 sua
827 1957 993 2001 spoliari,
1018 1957 1224 2001 praesertim
1249 1968 1327 1989 cum
1349 1957 1438 1990 adeo
1462 1957 1672 1990 mirabiliter

241 2008 317 2037 tum
342 2003 543 2047 principatu
582 2008 657 2036 tum
691 2003 844 2035 subditis
876 2003 928 2035 uti
951 2003 1080 2036 norit.''
1141 2010 1382 2036 verumtamen
1410 2002 1565 2036 addebat
1590 2013 1672 2035 eum

241 2051 355 2081 virum
390 2048 458 2102 qui·
488 2053 585 2081 tanta
618 2050 829 2093 patraverit,
874 2048 969 2080 haud
1013 2049 1114 2081 multi
1155 2049 1357 2081 faciendum
1394 2059 1481 2082 esse.
1542 2049 1671 2094 reliqui

242 2095 348 2129 Turci
384 2094 597 2139 aspicientes
639 2095 904 2127 multitudinem
940 2095 1121 2128 hominum
1146 2095 1182 2128 in
1215 2095 1386 2140 patibulis
1411 2100 1448 2127 et
1470 2094 1560 2139 palis
1585 2094 1673 2127 hae·

243 2142 407 2181 rentium,
434 2140 635 2184 stupebant.
685 2146 786 2173 erant
809 2151 964 2185 namque
987 2141 1157 2185 patibulis
1182 2147 1218 2173 et
1240 2142 1328 2185 palis
1353 2139 1445 2173 affixi
1470 2140 1624 2173 infantes
1653 2150 1672 2173 ο

242 2193 391 2220 matrum
420 2187 552 2230 gremio
579 2186 679 2231 rapti.
730 2187 889 2219 volucres
915 2185 1018 2219 nidos
1042 2187 1200 2219 fecerant
1225 2187 1260 2218 in
1285 2186 1512 2219 inferioribus
1538 2197 1672 2222 eorum

244 2244 322 2266 cum
349 2238 466 2265 nutem
494 2244 554 2266 rex
577 2232 870 2286 proficisceretur,
902 2232 1030 2265 Bladus
1054 2243 1178 2275 agmen
1197 2233 1329 2275 regium
1357 2243 1467 2277 usque
1494 2231 1673 2286 carpebat,

246 2279 462 2312 interficiens
503 2280 641 2324 equites
667 2284 703 2311 et
725 2278 917 2322 Aznpffles,
950 2279 978 2310 si
1002 2277 1142 2322 quando
1168 2277 1425 2321 imprudentius
1449 2277 1492 2310 ab
1518 2277 1673 2311 exercitu

247 2326 344 2367 regio
371 2326 512 2358 fuerant
541 2326 686 2367 evagati.
736 2323 862 2356 Bladus
888 2325 1042 2356 animum
1082 2323 1291 2356 intendebat
1318 2325 1354 2356 in
1379 2324 1508 2366 Nigrae
1537 2323 1674 2368 Pogda-

247 2372 327 2403 niae
357 2372 575 2414 principem,
605 2372 690 2415 qui,
717 2369 1012 2413 quemadmodum
1047 2370 1244 2402 nuntiatum
1271 2375 1368 2410 erat,
1393 2369 1579 2402 obsidione
1605 2370 1676 2402 cir-

248 2423 474 2450 cumvenerat
500 2417 650 2449 Gellium
694 2416 813 2448 urbem
842 2415 950 2448 Bladi.
1001 2416 1204 2460 relinquens
1244 2421 1360 2448 autem
1387 2417 1590 2455 exercitum,
1613 2415 1675 2461 qui

249 2463 455 2496 continebat
479 2463 617 2495 circiter
645 2473 705 2494 sex
730 2462 824 2494 milia
850 2461 1054 2501 hominum,
1081 2472 1140 2493 eos
1169 2462 1270 2494 iussit
1297 2473 1361 2506 per
1385 2467 1548 2507 querceta
1573 2461 1673 2506 sequi

250 2519 389 2551 regem3
419 2515 454 2541 et
478 2510 506 2540 si
533 2511 610 2552 quis
639 2508 824 2561 paululum
857 2507 963 2541 modo
993 2508 1166 2550 digressus
1203 2508 1310 2540 fuerit
1333 2507 1376 2539 ab
1403 2508 1499 2550 regio
1525 2509 1674 2551 agmine,

250 2566 329 2586 eum
362 2560 524 2587 truncare
561 2555 665 2587 iussit
709 2555 878 2586 continuo
916 2559 1145 2586 accurrentes.
1195 2554 1270 2597 ipse
1301 2564 1384 2586 vero
1410 2560 1502 2586 recta
1526 2553 1677 2586 ducebat

250 2606 370 2632 contra
385 2602 510 2645 Nigrae
525 2600 717 2643 Pogdaniae
731 2600 933 2644 principem
954 2600 1128 2632 exercitus
1142 2606 1258 2632 autem
1273 2599 1369 2632 Bladi
1384 2611 1460 2632 cum
1476 2600 1550 2644 ipse
1567 2598 1675 2631 abiis·

250 2651 316 2683 set,
343 2647 441 2679 abitu
467 2647 635 2691 principis
659 2646 848 2679 admodum
869 2645 1067 2700 gaudebat,
1093 2651 1129 2678 et
1155 2651 1247 2678 recta
1271 2651 1456 2690 pergentes
1485 2647 1519 2678 in
1538 2644 1674 2678 hostem

251 2692 426 2737 putabant
450 2704 486 2725 se
514 2704 675 2737 magnam
703 2693 850 2736 gloriam
877 2693 1094 2733 inventuros,
1120 2692 1150 2725 si
1181 2692 1315 2726 hostem
1340 2691 1456 2725 subito
1481 2691 1675 2736 oppressis—
