1858 3210
467 175 541 215 DE
578 174 753 215 nemis
791 173 1045 215 'maclous
1085 174 1132 214 L.
1162 174 1275 214 vm,
1496 161 1594 210 415

128 275 255 329 φιάσι
280 274 360 326 μὲν
378 268 467 316 ἅνω
486 274 528 321 ἒς
550 271 625 314 τὸν
643 273 750 326 α’έρα
768 270 839 314 τόν
862 274 995 324 λίθον,
1026 274 1290 324 καταβαίνων
1314 271 1361 313 δὲ
1379 271 1525 324 βάλλει
1553 269 1598 318 ἐς

123 334 149 380 ὅ
165 355 206 380 τι
225 333 276 381 ἂν
307 337 447 381 ἰθύνοι
467 338 597 381 αὐτὸν
615 338 636 380 ὅ
655 335 970 393 τηλεβολιοτής,
1000 344 1175 392 σημεῖον
1197 337 1492 390 κομιζόμενος,
1523 336 1599 376 καί

124 405 355 459 δαιμονίως
388 403 589 459 τυγχάνει
615 405 690 446 τοῦ
731 405 892 445 σκοποῦ
921 405 964 452 ἐς
1005 402 1078 445 τὸν
1106 402 1401 456 μετεωρισμὸν
1429 404 1506 446 τοῦ
1535 402 1598 443 λί-

123 473 220 513 θου.
278 469 390 513 οὕτω
428 474 507 522 μὲν
534 465 610 511 οὖν
648 469 726 524 τὴν
765 467 886 510 πόλιν
931 467 1097 510 τύπτων
1139 469 1213 510 ἐπί
1248 466 1408 525 ἡμέρας
1449 466 1598 516 ἱκανὰς

89 533 338 590 5ἤνᾶγκασε
363 535 462 586 τούς
506 537 773 584 ἐνοικοῦντας
817 538 1122 588 προσχωρῆσαι
1152 536 1280 590 αύτῷ.
1351 537 1448 577 ἐπεί
1467 551 1511 576 τε
1543 531 1594 589 δή

121 601 475 656 προσεχώρησαν,
507 602 557 644 τὰ
587 599 744 643 ἔπιπλα
777 603 851 642 καί
875 600 925 642 τὰ
962 603 1160 643 πλείστου
1192 595 1290 651 ἄξια
1318 602 1595 656 ἀφελόμενος,

123 684 195 709 και
224 668 380 723 μοῖράν
412 684 508 709 τινα
558 666 790 722 α’παγαγών
835 669 878 716 ἐς
917 667 1282 720 ἄνδραποδισμόν,
1313 683 1414 715 τους
1444 663 1631 716 αλλουςΒ

122 727 270 791 ᾤκισεν
303 733 435 775 αὐτοῦ
465 732 704 775 καταλιπών
734 732 803 774 διὰ
838 734 912 787 τὴν
947 730 1155 785 μετάλλου
1182 735 1398 788 ἐργασιαν,
1434 730 1484 787 ἢν
1512 734 1596 785 μα’-

123 803 246 840 λιστα
278 798 328 854 δὴ
366 801 449 841 τῶν
475 800 605 856 ταύτῃ
637 803 809 852 χωρίων
838 797 1108 850 ἐπιστάμενοι
1139 796 1383 874 ἐτυγχανον.
1439 797 1594 851 πρόσο-

67 866 194 914 Ιθδος
223 867 271 907 δὲ
303 862 411 921 αὕτη
441 881 517 907 ουκ
557 867 759 920 ἐλαχίστη
787 868 862 907 τοῦ
889 868 1125 920 βασιλέως,
1172 865 1254 906 ‹ini›
1297 867 1381 906 τῶν
1407 867 1648 910 ε’νταῦθαν
1668 878 1734 912 172

123 932 261 974 αὐτοῦ
287 933 510 984 μετάλλων
537 935 608 987 τῆς
636 933 798 981 πόλεως
835 927 1001 987 ταύτης.
1076 931 1097 973 ὁ
1139 934 1186 974 δὲ
1226 934 1472 985 Τριβαλλῶν
1500 931 1594 986 ἦγε-

123 999 218 1052 μών
247 998 306 1047 ὥς
334 994 489 1057 ᾔσθετο
518 1001 583 1041 ἐπ’
615 998 748 1041 αὐτὸν
777 997 949 1040 ἐπιόντα
978 1000 1157 1050 βασιλέα
1181 1001 1430 1054 Μεχμέτην,
1461 993 1595 1054 ᾤχετο

120 1067 200 1119 μὲν
227 1064 380 1118 διαβὰς
420 1064 493 1107 ἐπὶ
523 1068 739 1113 Παιονιάς
778 1065 852 1107 καί
883 1065 954 1106 ἐπί
983 1062 1230 1119 Χωνιάτην,
1282 1064 1433 1114 δεδιώς
1464 1064 1521 1118 μὴ
1552 1066 1595 1114 ἐς

120 1129 199 1187 τήν
216 1131 509 1187 Σπενδερόβην
538 1133 796 1188 ἀφικόμενον
827 1135 1088 1185 πολιορκοῖτο
1116 1131 1341 1184 καταστάς,
1371 1131 1442 1173 καί
1462 1130 1594 1173 ἐδεῖτο

1585 1196 1593 1211 ἱ

65 1199 199 1251 ιόμὲν
238 1197 372 1238 αὔτοῦ
415 1198 644 1251 ἐπαμύνειν
679 1196 934 1251 προσήκοντί
961 1212 1004 1238 τε
1047 1198 1120 1238 καί
1147 1200 1338 1250 ξυγγενεῖ
1362 1192 1462 1238 ὄντι.
1519 1213 1588 1238 και

120 1261 258 1306 ἐδόκει
282 1265 362 1315 μὲν
405 1263 578 1321 κάκείνῳ
605 1270 834 1318 τιμωρεῖν,
880 1261 952 1304 ἐπὶ
992 1264 1040 1304 δὲ
1072 1261 1364 1317 Σπενδερόβην
1403 1262 1628 1316 ἔπρασσες

119 1328 226 1384 πρὸς
258 1331 440 1383 βασιλέα
484 1333 683 1386 γενέσθαι
725 1328 764 1372 οἱ
805 1328 983 1384 εἰρήνην.
1051 1324 1178 1378 οὗτος
1218 1331 1298 1381 μὲν
1337 1331 1492 1383 ἐπεβίω
1537 1328 1588 1371 οὗ

118 1398 259 1452 πολλῷ
280 1391 472 1450 ὕστερον,
505 1397 576 1438 καί
603 1398 828 1448 α’πὲθανεν,
861 1394 1014 1450 ἐχώρει
1045 1394 1139 1449 ‹ii-*25
1170 1391 1282 1449 ἆρχὴ
1315 1395 1421 1450 πρὸς
1444 1395 1592 1438 Ἐλεά-

123 1465 253 1518 ζαρον
280 1462 355 1504 τὸν
384 1463 582 1518 νεώτερον
623 1460 757 1505 α-ὖτοῦ
789 1465 935 1504 παῖδα.
1005 1459 1042 1504 οἱ
1073 1463 1120 1503 δὲ
1151 1465 1309 1518 τυφλοί
1337 1463 1489 1504 αὐτίκα
1522 1461 1595 1504 ἐπὶ

61 1529 174 1586 2οτῇ
200 1530 382 1585 τελευτῇ
413 1531 489 1570 τοῦ
518 1527 719 1584 ἡγεμόνος
745 1526 946 1583 χρήματα
974 1525 1229 1584 ὑφελόμενοι
1264 1525 1344 1569 ὅσα
1378 1526 1595 1582 ἐνεχώρει,

215 1649 248 1732 Ξ.
278 1647 487 1721 ἐπαζαγών
512 1651 536 1685 Ρ
683 1650 716 1685 8.
746 1650 889 1698 ᾤκησεν
915 1651 939 1684 Ρ
1050 1649 1104 1683 13.
1132 1649 1337 1689 Παίονας-ἰ’
1437 1648 1490 1682 14.
1518 1662 1592 1686 710-

238 1710 375 1745 ιορκοι.

122 1803 186 1837 das
214 1809 335 1837 autem
359 1809 507 1844 erectas,
534 1804 663 1849 supino
692 1804 787 1837 iactu
815 1804 954 1850 lapides
996 1805 1034 1837 in
1061 1804 1171 1838 altum
1203 1808 1428 1849 torquentes,
1455 1804 1591 1848 primus

123 1862 187 1885 rex
225 1851 287 1884 iile
315 1852 464 1885 invenit.
529 1863 612 1884 nam
648 1850 871 1884 bombardae
914 1852 1000 1884 illae
1029 1857 1198 1892 erectae,
1240 1852 1315 1883 sive
1344 1853 1525 1892 mortaria,
1553 1853 1591 1885 in

123 1902 240 1932 acrem
271 1898 418 1941 globum
443 1899 633 1932 sublimem
675 1899 894 1931 iaculantur.
957 1899 1018 1944 qui
1058 1898 1190 1931 deinde
1217 1897 1386 1943 delapsus
1413 1898 1450 1931 id
1485 1900 1590 1943 peni-

124 1950 182 1979 tus
219 1944 264 1978 ad
300 1945 399 1991 quud
423 1956 442 1977 a
478 1945 731 1980 bombardario
766 1946 876 1979 fuerit
909 1945 1092 1987 directus,
1126 1946 1256 1979 sternit
1291 1951 1328 1978 et
1366 1947 1590 1980 comminuit.

123 1998 225 2026 tanta
253 1998 373 2025 autem
400 1993 498 2036 globi
524 1993 701 2026 certitudo
723 1998 788 2033 est,
814 1999 853 2026 ut
879 1994 980 2026 nullo
1007 1993 1113 2026 modo
1132 1993 1275 2026 aberret
1299 2003 1318 2024 a
1345 2003 1454 2038 scopo
1481 2005 1589 2039 quem

124 2039 398 2074 bombat-darius
425 2041 542 2075 animo
560 2039 762 2079 destinarit,
788 2041 949 2085 quamvis
976 2041 1103 2084 globus
1133 2041 1170 2073 in
1201 2040 1313 2072 altum
1346 2041 1481 2074 eiectus
1508 2041 1590 2074 fue-

124 2087 182 2120 rit.
233 2086 362 2120 diebus
402 2088 511 2132 igitur
540 2088 701 2133 plurimis
743 2088 964 2120 Mechmetes
1009 2088 1211 2133 oppidanos
1255 2088 1291 2119 in
1322 2086 1416 2120 hunc
1443 2087 1595 2122 modum,

123 2133 283 2174 laedens,
307 2133 454 2167 tandem
484 2146 545 2168 eos
570 2134 795 2168 deditionem
821 2135 939 2168 facere
975 2136 1103 2179 coegit.
1155 2134 1216 2167 ubi
1244 2139 1359 2168 semet
1382 2135 1480 2179 ipsos
1506 2146 1590 2168 sua-

125 2192 197 2228 que
222 2181 308 2215 fidei
335 2182 428 2224 regis
454 2181 657 2222 tradidere,
689 2183 767 2227 ipse
793 2182 1085 2228 suppellectilem
1124 2187 1160 2216 et
1185 2183 1444 2227 pretiosissima
1474 2194 1590 2227 quae-

124 2239 198 2274 que
224 2229 416 2274 accipiens,
442 2235 478 2262 et
505 2236 642 2275 partein
684 2229 864 2274 quandam
895 2229 1082 2263 hominum
1108 2231 1145 2262 in
1174 2230 1433 2275 mancipiorum
1460 2230 1590 2263 condi-

124 2276 264 2310 cionem
291 2277 532 2318 transferens,
558 2278 718 2324 reliquos
750 2277 802 2310 ibi
844 2276 1010 2311 habitare
1035 2288 1160 2323 passus
1199 2281 1276 2318 est,
1314 2276 1469 2310 maxime
1505 2289 1589 2322 pro-

124 2328 206 2368 pter
228 2323 367 2356 metalli
396 2336 497 2369 opus,
526 2325 625 2358 cuius
650 2326 687 2358 in
716 2325 839 2370 primis
869 2326 968 2358 istius
998 2325 1155 2369 regionis
1196 2324 1338 2357 incolae
1364 2325 1471 2369 periti
1500 2336 1589 2357 cen-

124 2375 258 2404 sentur.
316 2382 382 2404 nec
416 2372 701 2406 contemnendus
736 2372 810 2415 regi
846 2371 982 2406 reditus
1024 2378 1079 2406 est
1117 2383 1160 2405 ex
1185 2371 1342 2404 metallis
1380 2382 1473 2416 quae
1502 2377 1589 2405 sunt

124 2418 224 2451 iuxta
253 2418 356 2450 istam
386 2419 522 2456 urbem
583 2419 830 2454 Triballorum
864 2421 1032 2464 princeps
1063 2419 1253 2463 Georgius,
1290 2420 1436 2462 cognito
1463 2425 1588 2452 contra

125 2475 162 2499 se
193 2465 430 2498 Meclunetem
468 2466 592 2501 hostili
629 2468 748 2500 animo
777 2477 937 2512 pergere,
968 2467 1059 2499 abiit
1086 2467 1262 2500 transiens
1303 2466 1339 2498 in
1368 2467 1587 2500 Pannoniam

125 2511 170 2544 ad
186 2511 412 2552 Clioniatem,
437 2515 570 2548 veritus
596 2515 624 2548 si
644 2514 898 2548 Senderoviam
929 2515 1099 2554 venisset,
1128 2526 1173 2547 ne
1199 2512 1428 2545 obsideretur
1446 2524 1465 2545 a
1493 2525 1587 2558 rege

125 2559 273 2602 rogabat
298 2560 421 2605 itaque
461 2561 674 2596 Chouiatem
708 2573 753 2594 ne
786 2573 824 2595 se
862 2563 1012 2594 amicum
1048 2568 1084 2593 et
1112 2561 1354 2606 propinquum
1392 2559 1588 2602 desereret,

123 2617 245 2639 verum
272 2607 441 2640 acerrime
466 2619 485 2640 a
513 2611 548 2642 vi
582 2610 779 2642 'rurcorum
816 2614 1001 2642 assereret.
1052 2607 1112 2640 uhi
1157 2613 1277 2640 autem
1305 2608 1478 2651 Georgius
1506 2613 1589 2641 tan..

123 2658 200 2687 tum
227 2655 466 2698 effecit.apud
491 2667 606 2700 regem
632 2661 671 2689 ut
695 2668 764 2701 pax
785 2657 899 2697 fieret,
927 2667 999 2688 non
1025 2655 1138 2688 multo
1166 2660 1246 2698 post
1271 2655 1458 2698 expiravit.
1509 2667 1589 2688 suc-

125 2701 239 2734 cessio
268 2701 494 2747 principatus
534 2703 792 2737 devolvebatur
836 2703 882 2736 ad
919 2703 1126 2736 Eleazarum
1163 2702 1275 2734 filium
1313 2703 1501 2735 iuniorem.
1552 2708 1588 2737 at

125 2749 222 2792 caeci
241 2748 448 2795 Stephanus
474 2755 510 2783 et
537 2750 712 2795 Georgius
741 2751 914 2784 continuo
941 2750 1182 2794 surripientes,
1205 2750 1379 2794 pecunias
1407 2756 1589 2797 quotquot
