1884 3178
465 208 537 247 DE
578 207 747 246 REBUS
790 205 1044 247 TURCICiS
1085 206 1131 245 L.
1162 207 1214 245 11.
1469 198 1561 246 109

99 305 326 361 πράγματα
354 305 520 358 αὐτῶν,
563 301 739 361 ὄλεθρον
785 306 979 359 μέγιστον
1014 304 1066 359 δὴ
1101 307 1182 346 τῶν
1223 302 1369 361 μνήμῃ
1398 304 1566 345 πώποτε

100 370 382 426 ἑπενεγκὸντα,
412 371 469 420 ὥς
488 370 594 424 μετὰ
620 369 696 424 την
721 369 918 424 τελευτὴν
947 372 1024 412 τοῦ
1038 369 1301 425 Παιαζήτεω
1330 373 1568 425 συνηνέχθη

98 438 298 491 γενέσθαι
335 434 379 486 ἐς
424 438 523 486 τοὺς
556 437 734 488 παῖδας,
764 434 962 490 α’λλήλοις
1004 438 1364 491 διαφερομένους,
1395 438 1468 478 καί
1494 437 1569 491 τὴν

99 501 244 557 χώραν
275 502 349 543 ὑπ’
378 500 570 557 α’λλήλων
602 503 839 557 δηουμένην
872 500 1097 558 ξυμφορὰν
1128 503 1188 559 τῷ
1214 502 1322 556 γένει
1351 502 1566 545 ἐπινεῦσαι
1585 516 1607 547 Β

66 564 285 623 5ὅσηνδὴ
316 567 558 624 βαρυτάτην
599 567 673 610 καί
711 566 1030 622 χαλεπωτάτην.
1103 570 1179 610 νῦν
1213 569 1260 609 δὲ
1295 567 1338 618 ἐς
1364 570 1570 625 ὕπερφυᾶ

100 633 285 687 δύναμιν
315 633 572 691 ἀφικόμενος
601 633 684 675 ὑπὸ
713 635 790 676 τοῦ
817 636 925 676 θεοῦ
952 636 1115 688 ἐγένετο
1135 634 1363 692 Παιαζήτῃ
1395 651 1569 692 σωφρο-

99 702 329 754 νισθῆναι,’
348 697 458 743 ὥστε
487 699 560 742 ἐπὶ
587 699 664 756 τήν
685 701 906 754 βασιλείαν
932 701 1098 756 μεγάλα
1128 706 1314 756 φρονεῖν.

201 763 329 809 “03222
367 766 572 820 βασιλεὺς
604 767 796 821 Τεμήρης
836 766 1083 822 ὁρμώμενος
1117 765 1188 809 ἐπὶ
1226 767 1278 810 τά
1321 770 1396 822 τῆς
1422 769 1568 817 Ἀσίας

101 831 277 889 ἄφίκετο
306 834 538 887 πράγματα
584 831 658 875 καί
698 832 770 875 ἐπὶ
809 833 884 888 τήν
912 836 984 888 τῆς
1013 834 1320 889 Σεμαρχάνδης
1348 836 1571 888 βασιλείαν

47 901 292 955 ιοκατέστη,
314 901 413 956 τῇδε
443 895 493 941 ἄν
525 914 600 952 μοι
633 900 824 949 διεξιόντι
865 900 1043 955 ἐπίδηλα
1069 903 1246 954 γένοιτο.
1302 902 1462 954 λέγεται
1491 904 1570 954 μὲν

100 969 295 1023 πολλαχῇ
321 968 469 1008 τοῦτον
509 966 584 1008 a'n’
617 964 846 1019 ἐλαχίστου
887 965 1137 1022 ὁρμώμενον
1173 964 1276 1009 κατὰ
1318 965 1392 1023 τὴν
1418 965 1570 1010 Ἀσίαν

100 1029 174 1074 ἐπὶ
196 1034 308 1087 μέγα
334 1033 534 1088 χωρῆσαι
563 1030 796 1087 δυνάμεως.

99 1208 323 1243 manidarum
358 1211 500 1243 arsisset
543 1215 580 1244 et
604 1210 740 1244 mutuis
775 1209 966 1244 discordiis
1006 1210 1076 1256 ipsi
1102 1210 1199 1243 inter
1224 1221 1261 1244 se
1286 1215 1569 1250 concertassent,

101 1258 139 1290 in
163 1256 254 1290 adeo
283 1267 388 1302 grave
413 1257 565 1290 exitium
603 1269 657 1291 res
684 1268 828 1301 vergere
856 1259 1084 1304 potuissent,
1129 1263 1169 1291 ut
1206 1258 1399 1301 contigisse
1426 1263 1569 1291 constat

102 1304 277 1338 defuncto
303 1305 483 1344 Paiazite‚
513 1315 593 1338 cum
629 1305 708 1338 eius
737 1305 803 1337 filii
832 1304 939 1338 foede
976 1306 1072 1338 inter
1099 1316 1136 1338 se
1161 1305 1427 1338 contenderent
1452 1306 1568 1348 regio-

102 1362 259 1396 nemque
285 1351 436 1384 invicem
461 1357 666 1395 vastarent3
695 1351 792 1385 unde
820 1353 1011 1385 maximam
1037 1357 1074 1385 et
1099 1353 1342 1396 gravissimam
1367 1353 1570 1386 Turcorum

103 1399 202 1443 genti
227 1398 469 1432 calamitatem
496 1399 676 1432 invexere.
737 1411 834 1432 nunc
859 1406 980 1432 autem
1008 1410 1086 1432 cum
1127 1398 1173 1431 ad
1198 1400 1481 1444 augustissimam
1511 1399 1570 1432 di,

104 1446 278 1490 gnitatem
316 1456 336 1478 a
370 1444 439 1479 deo
467 1445 641 1480 Paiazites
682 1446 794 1479 fuerit
831 1452 999 1486 evectus,
1042 1446 1196 1490 contigit
1233 1453 1272 1480 ut
1299 1447 1569 1492 aliquantulum

103 1493 351 1527 molestiarum
380 1493 626 1538 experiretur,
661 1503 734 1538 quo
763 1493 875 1537 magis
905 1493 1049 1527 taudem
1074 1494 1276 1527 modestiae
1300 1505 1435 1527 memor
1461 1499 1568 1527 esset.

203 1539 394 1586 Propterea
423 1540 516 1572 enim
546 1539 591 1573 ad
615 1541 719 1573 Asiae
748 1552 894 1584 reguum
918 1542 1062 1574 emersit
1088 1553 1147 1574 rex
1173 1541 1336 1574 'remites
1362 1548 1398 1575 et
1427 1542 1569 1574 Semur-

104 1585 267 1620 chandae
295 1597 405 1631 regno
430 1588 566 1631 potitus
593 1593 658 1621 est.
722 1598 816 1632 quae
856 1589 997 1632 singula
1023 1593 1062 1621 ut
1087 1594 1300 1629 evenerunt,
1328 1600 1384 1622 me
1410 1600 1568 1621 comme-

104 1638 264 1668 morante
290 1634 485 1680 accipietis.
535 1635 630 1668 fama
656 1639 712 1667 est
751 1634 849 1667 hunc
874 1636 987 1668 virum
1018 1635 1063 1667 ab
1090 1636 1247 1668 minimis
1276 1641 1313 1669 et
1339 1635 1568 1681 perobscuris

103 1680 291 1727 principiis
317 1681 531 1728 profectum,
557 1692 720 1726 magnam
747 1681 816 1715 sibi
845 1683 1046 1728 potentiam
1074 1681 1112 1716 in
1137 1682 1220 1716 Asia
1249 1684 1444 1729 peperisse.
