1884 3178
504 193 576 231 DE
618 191 788 231 REBUS
829 189 1084 231 TURcicis
1124 191 1171 230 12.
1199 192 1272 230 111.
1502 180 1594 230 143

131 305 246 358 στίνη
276 301 480 358 διήκουσα
519 301 614 344 ἔστε
642 302 713 344 ε’πί
746 303 888 356 κοίλην
923 301 1096 354 Συρίαν.
1169 301 1214 342 ἐν
1255 298 1384 357 ταύτῃ
1433 300 1480 341 δέ
1506 299 1598 342 ἐστι

133 369 180 412 τό
213 371 287 412 τοῦ
317 367 467 424 κυριόυ
493 369 632 424 Ἰησοῦ
660 369 803 423 σῆμα,
843 366 950 409 κατὰ
981 366 1055 421 την
1078 364 1386 422 Ἱεροσολύμων
1414 364 1545 421 πόλιν,
1574 361 1644 420 ἢῦ

134 434 185 490 δὴ
219 437 516 479 κατέσκαπται.
573 433 648 476 καί
678 429 804 476 αὗται
832 435 911 487 μὲν
939 432 1148 487 παράλιαι
1175 435 1348 487 χῶραι·
1407 434 1524 486 κοίλη
1554 433 1601 473 δὲ

136 503 271 555 Συρία
322 501 454 556 διήκει
495 501 566 543 ἐπὶ
600 502 804 554 Ἀραβίαν
838 499 911 542 ἐπὶ
952 498 1027 554 την
1068 497 1260 554 ἐρυθρὰν
1286 497 1511 541 θάλασσαν
1541 500 1598 555 τῷ

101 566 242 622 5,πρὸς
267 566 325 609 ἕω
354 566 472 610 ἰόντι.
545 566 739 620 διαβάντι
769 567 815 608 δὲ
842 564 915 620 τὴν
941 564 1167 607 θάλασσαν
1195 564 1374 618 ψάμμος
1402 580 1446 606 τε
1477 565 1600 618 δέχε-

133 650 204 676 ται
235 635 373 675 affro&
414 633 546 689 ταύτῃ
585 633 955 687 διαπορευομένων
991 632 1063 672 ἐπί
1101 629 1144 672 τὸ
1172 632 1287 685 σῆμα
1316 633 1392 672 τοῦ
1421 631 1602 683 Μεχμέ-

136 715 232 742 τεω.
291 697 402 753 αὕτη
445 701 492 742 δὲ
532 699 557 754 ἦ
589 697 712 753 χώρα
740 700 948 751 βασιλέως
987 699 1062 751 τῆς
1090 699 1296 751 Μέμφιος
1327 692 1464 747 οὖσα,
1496 695 1602 748 πρὸς

134 767 181 808 δὲ
209 765 284 808 καί
322 765 348 820 ἦ
380 767 567 820 Φοινίκη.
638 765 815 817 δύναμις
855 766 903 806 δέ
931 766 1021 806 ἐστι
1062 766 1122 821 τῷ
1156 767 1330 816 βασιλεῖ’
1354 764 1461 819 τῷδε
1491 762 1599 803 κατὰ

134 833 358 875 θάλασσαν
399 830 655 886 ἀξιόχρεως,
685 829 791 873 ἔνθα
835 829 887 885 δὴ
921 831 1147 886 ἐφίσταται
1180 827 1347 882 Σάμος·
1403 827 1529 869 πλοῖά
1559 843 1601 869 τε

78 900 207 942 1οκαἰ
242 896 430 952 τριήρεις
468 899 514 940 ἐκ
541 898 698 952 ταύτης
741 896 1066 947 κατασκευάζει.
1137 895 1319 948 Κύπρον
1350 910 1393 937 τε
1435 893 1603 949 ὑπηγά-

133 979 241 1020 γετο,
271 966 344 1006 καί
386 963 457 1006 ἐπὶ
495 964 647 1007 “Ρόδον
694 964 767 1004 καί
797 962 977 1017 Κύπρον
1024 964 1194 1015 πέμψαι
1219 960 1269 1003 τά
1298 977 1341 1003 τε
1370 965 1496 1003 πλοῖα
1530 961 1603 1002 καί

134 1029 314 1086 στρατόν
341 1028 424 1072 σύν
451 1029 607 1078 αὐτοῖς.
665 1027 923 1077 διαπλεύσας
955 1030 1000 1070 δὲ
1032 1027 1108 1082 τήν
1128 1043 1173 1069 τε
1203 1026 1321 1070 πόλιν
1350 1026 1599 1082 ἐπολιόρκει,

131 1097 206 1139 καί
231 1095 308 1151 τὴν
343 1097 470 1150 νῆσον
495 1093 745 1151 ληισοὶμενος
771 1096 1007 1150 προσέβαλέ
1033 1110 1077 1137 τε
1106 1097 1164 1152 τῷ
1187 1095 1319 1149 τείχει
1339 1093 1411 1136 ἐπὶ
1439 1091 1600 1148 ἡμέρας
1612 1102 1648 1136 Ρ.
1665 1102 1711 1137 76

131 1161 302 1212 ἱκανάς·
331 1164 405 1205 καί
430 1161 487 1212 ὥς
517 1159 643 1204 οὐδὲν
670 1162 914 1218 προυχώρει
945 1162 970 1216 ἧ
999 1163 1072 1215 τῆς
1098 1160 1258 1211 πόλεως
1287 1162 1466 1216 αἵρεσις,
1497 1158 1599 1202 οἷπε-

77 1239 120 1272 15
133 1226 328 1284 χώρησεν
357 1231 420 1271 ἐπ’
451 1227 581 1271 οἴκου.
611 1226 688 1283 τὴν
705 1230 847 1282 μέντοι
869 1225 1051 1282 Κύπρον
1079 1226 1331 1282 ὑπηγάγετο,
1359 1228 1433 1268 καί
1460 1227 1529 1269 τόν
1555 1242 1600 1269 τε

131 1299 310 1349 βασιλέα
338 1294 522 1350 Κύπρου
554 1290 705 1350 ἄγοντα
734 1290 889 1352 ᾤχετο·
956 1294 1030 1350 ἀφ’
1062 1286 1112 1335 οὗ
1142 1295 1249 1347 δῆτα
1277 1293 1437 1348 χρόνου
1464 1292 1601 1349 φόρον

133 1376 179 1403 τε
206 1362 356 1415 οἷπάγει
399 1358 424 1416 ἦ
470 1361 647 1416 Κύπρος
686 1361 791 1417 τῷδε
834 1361 891 1418 τῷ
918 1363 1100 1414 βασιλεῖ’.
1172 1361 1291 1401 δοκεῖ
1321 1362 1368 1402 δὲ
1407 1359 1432 1415 ἦ
1474 1362 1600 1414 νῆσος

133 1421 240 1482 αὕτη
281 1425 363 1468 ὑπὸ
395 1423 518 1468 τόνδε
557 1428 756 1480 γενέσθαι
784 1424 856 1467 τὸν
882 1427 1064 1479 βασιλέα
1107 1423 1154 1467 τό
1185 1422 1379 1467 παλαιόν.
1439 1426 1714 1468 1(ελτοι“ν.60

134 1494 180 1534 δὲ
209 1490 265 1542 ὥς
294 1492 494 1548 ἀφίκοντο
525 1493 597 1534 ἑπί
623 1491 670 1534 τὸ
697 1494 774 1534 τοῦ
804 1493 948 1547 Ἰησοῦ
976 1493 1053 1533 τοῦ
1079 1494 1188 1533 θεοῦ
1215 1493 1346 1546 σῆμα,
1376 1491 1597 1533 δουλωσά-

74 1572 120 1607 20
130 1574 251 1613 μενοι
278 1559 351 1613 τήν
378 1574 423 1600 τε
454 1561 579 1614 νῆσον
621 1556 778 1613 ταύτην
813 1558 1075 1613 ὑπηγάγοντο
1103 1557 1240 1614 σφίσι,
1267 1559 1413 1600 στόλον
1441 1557 1600 1612 ἐπαγό-

130 1640 251 1678 μενοι
289 1623 363 1666 καί
391 1622 571 1677 δύναμιν
611 1621 860 1679 ἀξιόχρεων.
915 1618 943 1681 ᾗ
973 1623 1045 1665 καί
1066 1623 1219 1666 Ἑνετοί
1245 1622 1450 1679 Ἀμαρίην
1481 1625 1601 1673 πόλιν

130 1691 363 1744 εὐδαίμονα
395 1689 708 1745 χειρωσάμενοι
729 1690 800 1732 ἑπί
825 1689 983 1744 συχνόν
1004 1707 1098 1732 τινα
1125 1689 1282 1744 χρόνον
1313 1692 1598 1744 διακατεῖχον,

132 1755 388 1814 ὁρμητήριον
419 1758 492 1812 τῆς
521 1756 624 1812 πρὸς
653 1755 870 1811 Αἴγυπτον
899 1758 1103 1813 ἐμπορίας
1133 1759 1289 1803 αὐτῶν.
1347 1756 1420 1799 καί
1445 1756 1492 1798 τό
1529 1759 1597 1800 ὲν-

227 1891 283 1926 10.
311 1893 351 1928 ἐκ
375 1891 511 1936 ταύτης
535 1890 803 1933 κατασκευάζει
826 1903 884 1925 om
909 1891 1078 1926 nonnulli
1103 1891 1189 1925 libri
1310 1892 1364 1926 17.
1389 1892 1524 1939 ἐπάγει
1548 1893 1573 1926 Ρ

132 2004 207 2032 tum
235 1998 272 2032 in
295 1997 385 2032 urbe
415 1999 637 2033 Hierusalem
657 2023 667 2041 ‚
693 2010 786 2045 quae
814 1999 998 2033 devastata
1026 2004 1081 2033 est
1108 2010 1188 2032 cum
1212 2000 1401 2033 maritimis
1437 2001 1596 2044 regioni-

131 2045 212 2079 bus.
263 2046 469 2090 coelesyria
493 2047 667 2091 panditur
693 2048 732 2080 in
752 2047 919 2080 Arabiam
948 2058 1062 2092 usque
1087 2047 1133 2079 ad
1162 2059 1258 2080 mare
1287 2047 1448 2088 rubrum,
1474 2059 1596 2081 versus

133 2093 319 2126 Orientem
343 2093 413 2127 iter
439 2094 597 2127 facienti.
650 2099 898 2127 transeuntem
933 2094 971 2126 id
994 2105 1092 2133 mare
1117 2095 1254 2139 excipit
1278 2105 1408 2128 arenae
1435 2095 1596 2135 vastitas,

132 2150 226 2186 quae
251 2140 455 2184 superanda
482 2146 536 2174 est
561 2141 772 2186 petentibus
797 2142 999 2186 sepulcrum
1023 2140 1249 2174 Mechmetis.
1301 2142 1391 2174 haec
1415 2147 1469 2175 est
1495 2142 1594 2186 regio

131 2186 359 2233 Memphitici
385 2189 502 2232 regis,
536 2189 592 2221 cui
626 2187 774 2222 additur
813 2194 849 2222 et
878 2188 1082 2222 Phoenicia.
1142 2194 1196 2222 est
1222 2189 1307 2222 huic
1346 2189 1418 2232 regi
1444 2189 1480 2222 in
1506 2189 1595 2222 mari

131 2245 279 2280 quoque
317 2236 469 2268 maxima
502 2237 682 2281 potentia.
751 2237 876 2269 Samus
922 2236 954 2268 ei
978 2235 1190 2280 suppeditat
1223 2247 1330 2268 naves
1357 2242 1394 2269 et
1419 2237 1592 2268 triremes.

131 2281 286 2326 Cyprum
314 2282 466 2326 subegit.
524 2294 632 2316 naves
667 2283 815 2316 mittens
850 2294 928 2316 cum
966 2282 1142 2316 militibus
1175 2282 1342 2316 adversus
1370 2282 1533 2316 Rhodum
1558 2289 1595 2316 et

135 2328 300 2373 Cyprum,
324 2329 450 2362 urbem
465 2329 656 2364 obsidione
683 2330 818 2363 afflixit.
867 2330 955 2363 actis
981 2336 1100 2363 autem
1125 2330 1268 2375 praedis
1297 2341 1339 2363 ex
1361 2330 1477 2363 insula
1506 2330 1593 2375 plu-

133 2375 252 2416 rimis,
276 2376 418 2422 aliquot
454 2376 583 2411 (liebus
611 2377 875 2422 oppugnationi
912 2378 1074 2410 intentus
1114 2377 1201 2419 fuit3
1242 2388 1337 2422 quae
1362 2389 1440 2409 cum
1468 2389 1593 2421 parum

131 2421 358 2464 succederet,
397 2423 554 2458 abducto
584 2425 743 2458 exercitu
782 2423 925 2457 domum
959 2435 1121 2458 reversus
1148 2430 1214 2458 est.
1265 2425 1419 2468 Cyprum
1446 2423 1593 2468 quidem

130 2480 196 2502 suo
222 2470 375 2513 imperio
405 2471 599 2512 adiunxit,
639 2477 745 2516 capto
789 2472 866 2505 eius
895 2483 994 2517 rege3
1031 2476 1067 2504 et
1104 2482 1147 2504 ex
1182 2483 1225 2504 eo
1258 2476 1421 2516 tempore
1455 2471 1593 2515 Cyprus

130 2515 366 2560 Memphitico
397 2518 472 2562 regi
500 2518 674 2552 tributum
701 2518 821 2552 solvit.
872 2519 960 2564 quin
983 2519 1052 2550 iam
1082 2519 1167 2551 olim
1194 2520 1298 2551 istam
1327 2518 1481 2551 insulam
1505 2517 1593 2551 huic

129 2563 202 2607 regi
228 2563 388 2608 paruisse
413 2565 577 2598 arbitror.
625 2577 749 2598 verum
769 2565 865 2598 Galli
896 2571 934 2598 ut
961 2570 1189 2598 accesserunt
1213 2565 1257 2597 ad
1274 2566 1352 2597 Iesu
1379 2564 1438 2598 dei
1468 2565 1593 2611 sepul-

127 2620 238 2650 crum,
265 2610 419 2644 insulam
448 2622 526 2645 eam
552 2612 590 2645 in
627 2613 835 2646 servitutem
865 2612 1044 2646 redactam
1073 2623 1223 2656 cepere,
1250 2612 1396 2644 classem
1424 2618 1592 2657 parantes

126 2667 290 2701 magnam
316 2657 481 2703 viresque
508 2658 607 2692 haud
627 2659 922 2694 contemnendas.
986 2671 1029 2692 eo
1056 2658 1164 2691 modo
1192 2664 1228 2691 et
1255 2659 1386 2693 Veneti
1413 2661 1591 2693 Amariam

128 2704 251 2736 urbem
279 2705 488 2748 opulentam
517 2712 732 2751 occupantes
774 2707 834 2740 diu
863 2718 939 2740 eam
975 2711 1139 2747 tenuere,
1168 2711 1208 2739 ut
1232 2711 1375 2750 portum
1400 2706 1446 2740 ad
1472 2708 1590 2751 Aegy·-

126 2751 263 2797 ptiacas
287 2762 423 2785 merces
448 2754 784 2788 commodissimum.
843 2753 928 2787 hinc
954 2753 1179 2787 successione
1201 2753 1307 2798 longa
1336 2764 1436 2798 reges
1459 2754 1588 2788 Gallo-
