1774 3204
246 188 346 238 '558
576 193 794 235 LAONicr
836 193 1341 235 cmncocoNnYLAE

244 290 481 346 Ἀλβανῶν,
513 294 584 333 καί
627 291 902 341 κελευομένων
938 291 1075 330 αῑῗτῶν
1100 291 1172 329 καί
1191 289 1384 330 Ῥασίκου
1413 291 1483 331 καί
1507 291 1675 344 Πέτρου

209 360 320 403 Βτοῦ
335 357 489 410 χωλοῦ,
521 354 575 403 ait,-
603 357 642 397 εἰ
664 354 734 396 τὸν
758 352 925 403 Ἰσθμὸν
947 356 1183 406 τειχίσαιεν,
1206 354 1352 394 αὕτίκα
1374 349 1487 401 ὄντες
1517 351 1555 395 οἱ
1584 357 1675 396 Πε-

249 420 509 474 λοποννήσιοι
539 418 845 472 ἀποστήσονται
873 418 944 458 καί
970 421 1032 458 ἐπ’
1063 415 1219 464 αὐτούς
1242 417 1483 471 χωρήσουσι
1502 433 1513 444 ·
1567 420 1675 470 μέγα

246 483 324 537 γάρ
354 501 394 524 τι
433 486 684 538 προσφέρειν
711 481 831 523 τοῦτό
876 497 1021 536 σφισιν
1053 483 1094 528 ἐς
1135 480 1212 533 τὴν
1241 479 1484 525 α’πόστασιν.
1541 478 1676 523 ἐδόκει

246 551 293 590 δὲ
322 548 458 596 ἰόντας
487 549 738 603 πανστρατιᾷ
769 544 1035 600 φράγνυσθαι
1065 545 1137 586 τὸν
1166 544 1332 598 Ἰσθμὸν
1361 546 1431 586 καί
1459 546 1708 599 ὃιαπειρᾶ-ῡ

245 617 347 654 σθαι
376 616 459 653 τῶν
488 615 530 654 ἑν
558 615 609 667 τῇ
639 611 955 667 Πελοποννήσῳ.
1028 607 1289 664 ἀφικομένων
1319 611 1377 662 δέ,
1408 612 1552 659 λίθους
1578 625 1676 652 συν·

243 681 423 724 τιθέντες
454 674 756 734 ἐπῳκοδόμουν,
785 673 840 723 ώς
869 674 919 716 ἂν
948 671 1278 728 ἀποπειρώμενοι
1305 677 1386 716 τῶν
1415 678 1676 730 Πελοποννη.

243 745 345 784 σι’ων
371 743 611 795 γνώσωσιν,
653 742 693 782 εἰ
733 742 998 793 προσχωροιή
1029 742 1100 780 καί
1135 739 1158 792 ἡ
1191 738 1402 792 Κόρίνθός
1441 755 1576 795 σφισι,
1605 741 1678 781 καί

242 805 294 847 τά
326 805 449 847 λοιποὶ
491 808 562 859 τῆς
595 802 917 856 Πελοποννήσου
955 804 1106 844 αὐτίκα
1150 805 1414 857 χωρήσουσιν
1459 805 1589 853 ἰόντες
1633 806 1676 852 ἐς

242 870 410 918 αὔτοὺς.
441 871 497 918 ώς
525 873 571 911 δὲ
599 868 919 926 ἐπῳκοδόμησαν
948 883 993 909 τε
1021 869 1092 908 τὸν
1115 869 1295 920 Ἰσθμόν,
1325 871 1397 911 καί
1424 870 1547 911 αὐτοὶ
1575 869 1675 910 α’νοι-
1690 875 1732 909 10

243 933 435 987 λαβόντες
460 933 508 975 uk
539 931 645 974 ὅπλα
691 929 819 988 ᾔεσαν
860 935 901 979 ἐς
929 931 1001 985 τὴν
1030 931 1256 986 Κόρινθον,
1284 935 1565 986 ἐξηγουμένων
1594 935 1676 975 τῶν

244 1000 488 1053 Κορινθίων
519 1001 561 1046 ἐς
591 998 666 1052 τὴν
691 997 937 1050 προσβολήν.
1007 995 1251 1051 τηλεβόλους
1278 1013 1319 1039 τε
1348 1001 1608 1040 καθίστασαν
1634 1000 1677 1048 ἐς

205 1065 316 1117 (Στὴν
349 1064 599 1116 ἀκρόπολιν,
643 1064 713 1103 καί
752 1061 1077 1115 προσεβάλλοντο
1118 1062 1345 1114 μαχόμενοι
1382 1062 1506 1112 ἄξι’ως
1535 1063 1673 1115 λόγου.

239 1126 399 1180 χειμών
439 1129 484 1167 δὲ
530 1124 815 1179 ἐπιγενόμενος
857 1125 1038 1166 ἐκώλυσέ
1062 1140 1105 1166 τε
1145 1125 1300 1173 αὐτούς
1325 1128 1673 1180 προκαθέζεσθαι,

240 1194 310 1232 καί
339 1190 525 1237 α’πιόντες
554 1191 744 1232 ἐντεῦθεν
773 1186 924 1246 ᾤχοντο
957 1187 1174 1243 ἄπρακτοι.
1231 1190 1286 1238 ὥς
1302 1192 1347 1231 δὲ
1374 1188 1608 1242 πιεζόμενοι
1636 1187 1672 1231 οἱ
1689 1197 1730 1230 15

244 1253 440 1298 Οὖενετοί
465 1258 523 1311 τῷ
543 1257 722 1307 χειμῶνι
750 1257 943 1306 χαλεπῶς
970 1253 1117 1309 ἔφερον
1145 1254 1216 1308 τὴν
1245 1256 1289 1296 ἐν
1314 1257 1370 1311 τῷ
1394 1255 1548 1311 Ἰσθμῷ
1575 1257 1674 1296 δια-

240 1319 400 1373 τριβήν,
428 1322 498 1359 καί
528 1316 625 1359 οὔτε
654 1317 678 1372 ἦ
702 1319 910 1369 Κόρινθος
936 1320 1193 1372 προσεχώρει
1213 1313 1309 1360 οὔτε
1336 1319 1362 1372 ἡ
1391 1319 1540 1372 Ἀχαΐα
1570 1319 1672 1373 α’φι’.

237 1400 376 1436 στατο,
395 1382 669 1431 ἐπελάσαντος
685 1383 837 1436 ἀνδρὸς
861 1381 1020 1424 Ῥάλεω
1037 1381 1216 1436 τοῦνομα
1236 1381 1420 1437 Ἕλληνος
1442 1385 1514 1424 καί
1543 1383 1676 1424 αὐτοῦ

237 1447 555 1501 τελευτήσαντος
597 1446 676 1488 ὑπὸ
712 1449 906 1500 Τούρκων
934 1450 1174 1497 ἐπεξιόντων
1204 1463 1247 1489 τε
1285 1447 1356 1488 καί
1379 1449 1668 1501 ἀμυνομένων,

233 1512 307 1554 καί
333 1510 428 1554 οὔτε
457 1512 504 1566 δὴ
529 1509 660 1554 τᾶλλα
686 1513 980 1566 προσεχώρησε
1009 1529 1130 1567 σφισι
1158 1511 1265 1566 πλὴν
1287 1515 1370 1553 τῶν
1396 1511 1668 1566 τὴνΣπάρτην
1685 1519 1729 1553 20

238 1579 462 1620 οἰκούντων
476 1576 815 1631 ἐξαπατηθέντων
833 1576 911 1618 ὑπὸ
927 1575 1115 1631 Ἕλληνος
1136 1579 1312 1628 νεανίου,
1324 1578 1360 1618 Γ
1358 1578 1474 1631 ρι’τζα
1491 1573 1674 1629 τοῦνομα

327 1688 361 1722 2.
390 1686 530 1725 ἰόντεςζρ
556 1699 600 1720 an
625 1686 787 1725 πάντεςῒ

237 1780 385 1814 Venetis
413 1787 452 1814 ut
474 1780 642 1813 Isthmum
667 1792 765 1813 muro
786 1781 1018 1813 includerent.
1070 1780 1135 1812 hoe
1161 1781 1252 1812 enim
1280 1780 1374 1813 facto
1399 1780 1544 1812 aiebant
1560 1772 1669 1812 Pelo-

239 1828 473 1871 ponnesiacos
499 1827 597 1859 illico
623 1826 821 1859 defecturos
849 1827 894 1858 ab
925 1838 1002 1870 rege
1031 1832 1066 1858 et
1095 1826 1139 1859 ad
1157 1827 1311 1859 Venetos
1341 1827 1586 1859 transitionem
1617 1827 1671 1858 fa-

239 1881 367 1906 cturos.
417 1883 496 1904 nam
534 1873 725 1917 plurimum
765 1874 934 1906 momenti
975 1872 1018 1904 ad
1051 1873 1287 1906 defectionem
1321 1883 1390 1904 rem
1425 1883 1500 1904 eam
1526 1872 1669 1904 habere.

238 1920 350 1952 visum
378 1925 430 1951 est
449 1919 555 1961 igitur
574 1923 612 1950 ut
637 1931 712 1950 cnm
734 1919 905 1950 universis
931 1919 1040 1962 copiis
1061 1930 1148 1963 opus
1169 1917 1452 1961 aggrederentur,
1481 1917 1668 1951 Isthmum-

237 1977 306 2009 que
337 1965 572 2004 obstruerent,
598 1975 642 1996 an
669 1965 726 1996 vel
751 1966 815 1997 isto
843 1964 946 1996 modo
988 1965 1031 1996 ad
1057 1964 1291 1997 defectionem
1321 1965 1525 1996 inclinaturi
1554 1970 1670 1996 essent

238 2011 618 2056 Peloponnesiacorum
655 2011 774 2043 animi.
835 2010 1065 2043 advenientes
1103 2010 1147 2042 ad
1174 2022 1262 2054 opus
1292 2010 1506 2053 praedictum
1531 2009 1667 2054 lapides

238 2063 273 2090 et
298 2069 378 2090 saxa
418 2056 675 2099 congerebant,
710 2067 868 2100 opusque
907 2056 1152 2088 incredibilem
1190 2058 1225 2089 in
1250 2067 1381 2088 morem
1407 2056 1505 2088 brevi
1533 2066 1667 2089 cresce-

237 2103 309 2135 bat.
359 2107 395 2135 et
422 2107 599 2135 tentantes
625 2102 759 2134 animos
787 2103 1177 2146 Peloponnesiacorum‚
1202 2103 1399 2146 periculum
1426 2099 1603 2134 faciebant
1639 2101 1666 2132 si

238 2155 274 2181 et
298 2148 506 2182 Corinthum
532 2148 576 2180 ad
602 2146 841 2181 defectionem
865 2148 1056 2180 accendere
1091 2154 1247 2192 possent.
1309 2146 1406 2192 quod
1429 2147 1459 2179 si
1483 2148 1666 2190 continge·

240 2201 303 2235 ret,
329 2195 480 2238 reliquas
509 2194 742 2238 Peloponnesi
770 2194 872 2226 urbes
901 2195 1019 2226 statim
1055 2195 1299 2226 transitionem
1334 2193 1495 2225 facturas.
1544 2192 1666 2225 Isthmi

238 2252 338 2273 muro
363 2240 607 2280 exaedificato,
634 2239 780 2284 arreptis
805 2241 905 2272 armis
931 2239 1124 2283 pergebant
1146 2244 1267 2272 contra
1294 2238 1514 2271 Corinthum.
1562 2249 1667 2282 prae-

241 2287 408 2319 euntibus
433 2285 644 2331 quibusdam
670 2285 886 2324 Corinthiis,
912 2285 1182 2318 ostendentibus
1212 2285 1352 2317 ubinam
1378 2284 1500 2316 urbem
1524 2283 1664 2327 aggredi

240 2333 423 2371 deberent,
449 2332 656 2364 bombardas
696 2331 877 2376 ponebant
911 2342 953 2363 ex
987 2331 1130 2364 adverso
1153 2332 1239 2362 arcis
1255 2354 1264 2370 ‚
1289 2330 1456 2374 urbisque
1482 2337 1666 2374 oppugna·

239 2380 372 2411 tionem
397 2375 710 2422 aggrediebantur,
743 2382 914 2409 certantes
950 2388 1072 2420 magna
1100 2389 1177 2409 cum
1216 2378 1334 2418 gloria.
1399 2387 1518 2408 verum
1555 2375 1666 2407 hiems

239 2424 428 2466 frigoribus
468 2423 694 2456 intoleranda
732 2434 791 2456 eos
823 2423 865 2455 ab
891 2422 1086 2455 obsidenda
1127 2423 1211 2454 urbe
1240 2422 1400 2454 abduxit.
1450 2426 1666 2466 quapropter

240 2470 460 2503 discedentes
484 2469 576 2502 nihil
602 2475 699 2502 tanto
726 2474 895 2513 apparatu
920 2468 1063 2511 dignum
1093 2470 1250 2501 effecere.
1297 2470 1417 2512 itaque
1441 2467 1570 2500 Veneti
1589 2467 1666 2499 hie-

239 2517 301 2548 mis
326 2516 516 2561 iniquitate
558 2516 689 2557 pressi,
715 2516 830 2547 animo
855 2516 978 2559 iniquo
1007 2525 1138 2547 moram
1165 2516 1201 2546 in
1226 2514 1356 2547 Isthmo
1383 2513 1553 2546 serebant.
1600 2523 1666 2545 nec

239 2562 430 2594 Corinthus
471 2562 714 2594 transitionem
755 2562 849 2598 fecit,
885 2571 950 2593 nec
976 2560 1103 2592 Achaia
1141 2559 1308 2596 descivit.
1335 2561 1492 2603 quamvis
1533 2557 1576 2590 ad
1602 2569 1663 2590 eos

239 2608 363 2639 missus
391 2607 482 2640 foret
519 2608 570 2639 vir
599 2607 751 2639 Graecus
780 2607 921 2639 nomine
950 2606 1101 2647 Rache83
1133 2607 1193 2650 qui
1223 2606 1265 2638 ab
1300 2605 1423 2638 Turcis
1449 2603 1663 2648 egredienti-

240 2653 306 2686 bus
332 2658 367 2684 et
394 2652 635 2686 resistentibus
669 2653 874 2686 interfectus
897 2657 958 2684 est.
1016 2662 1081 2684 nec
1108 2653 1263 2696 reliquae
1300 2651 1415 2690 urbes,
1438 2655 1578 2695 praeter
1602 2659 1662 2681 eos

241 2700 303 2743 qui
331 2700 488 2743 Spartam
515 2698 746 2741 incolebant,
772 2698 989 2731 deditionem
1022 2698 1213 2730 faciebant:
1240 2709 1319 2730 nam
1344 2696 1520 2741 Spartanis
1545 2697 1661 2740 impo-
