1858 3210
523 185 595 224 DE
633 184 804 224 REBUS
843 182 1096 224 TURClClS
1135 185 1181 223 L.
1209 184 1262 223 V.
1550 176 1645 220 277

185 281 254 326 τὸν
286 281 496 339 ἀδελφόν,
537 285 581 324 ἐν
609 284 660 339 τῇ
687 282 854 339 Ἰβηρίᾳ
884 283 1047 335 ἐγένετο
1087 281 1160 323 καί
1186 280 1432 336 ἐπήλαυνεν,
1463 280 1649 323 ἐνταῦθα
1663 286 1705 320 V.
1725 285 1790 319 115

186 349 305 406 aufugi
343 349 603 398 ὑπαντιάσας
641 346 663 388 ὁ
695 344 911 401 ’Ἀλβαρος
954 345 1357 402 ἐστρατοπεδεύετο,
1386 347 1460 388 καί
1487 344 1651 400 κη’ρυκα

185 416 431 468 ἐπιπέμπων
455 416 738 470 προηγόρευεν
767 411 1129 467 ἀπαλλάττεσθαι,
1159 411 1209 467 ἢν
1224 416 1443 470 σωφρονῇ,
1473 411 1530 461 ὥς
1562 410 1653 465 ἔχει

186 479 370 534 τάχιστα
404 482 450 522 ἐκ
479 484 554 536 τῆς
573 481 734 535 χώρας.
797 482 869 521 καί
895 480 1233 532 α’ποκριναμένου
1262 477 1320 528 ὥς
1350 481 1424 520 οὐκ
1458 480 1530 520 ἑπί
1554 475 1653 525 τούς

152 541 309 595 ὄὸνους
337 549 414 588 τοῦ
442 545 603 601 πατρὸς
622 545 758 587 αὐτοῦ
788 543 956 587 ἄπεισιν
975 543 1016 594 ἐς
1035 543 1168 599 νομὴν
1197 544 1355 593 αὐτούς
1389 540 1513 597 ἄξων,
1543 542 1650 585 οἷλλοὶ

185 612 483 667 στρατηγήσων
513 614 626 669 αὐτῷ
648 614 862 667 πάρεστιν,
894 614 936 660 ἐς
965 612 1108 666 μάχην
1137 610 1351 666 ἐτάσσετο,
1380 611 1454 652 καί
1482 614 1652 664 συμβα.

185 676 270 720 acin»
297 677 481 732 ἐμάχετο
513 679 675 735 α’μφοῖν
705 684 794 720 τοῖν
827 679 1044 734 ἀδελφοῖν.
1112 678 1255 731 μάχης
1286 679 1331 718 δὲ
1361 678 1566 731 καρτερᾶς
1585 693 1652 729 γε-

183 746 386 800 νομένης,
420 742 476 793 ὦς
518 743 556 786 οἱ
585 746 684 800 περὶ
715 741 933 799 ’Ἀλβαρον
972 745 1205 797 ἐτρέψαντο
1250 743 1348 791 τούς
1384 746 1653 797 Ταρακῶνας,

185 811 412 852 ἐπεδίωκον
441 809 519 851 α’νὰ
550 811 711 863 κράτος,
743 813 816 851 καί
842 806 974 866 ἄμφω
995 809 1052 851 τώ
1085 809 1253 864 ἀδελφώ
1286 807 1649 862 συλλαμβάνουσι,

129 894 172 930 10
185 879 258 919 καί
286 876 467 926 πολλοὺς
494 879 574 919 τῶν
602 876 868 931 Ταρακώνων
898 878 1127 929 κατέβαλον
1150 877 1193 916 ἐν
1221 878 1272 932 τῇ
1302 875 1457 925 διώξει.
1517 874 1573 922 ὡς
1606 876 1653 916 δὲ

182 943 431 1000 ἅπὴχθητον
461 944 576 998 παρά
607 944 679 985 τόν
709 941 888 998 Ἰβήρων
906 944 1087 996 βασιλέα
1112 938 1245 998 ἄμφω
1272 941 1329 983 τώ
1358 943 1546 994 βασιλὲε,
1577 957 1650 981 κα-

181 1009 255 1052 κὸν
282 1013 361 1063 μὲν
390 1011 513 1052 ου’δὲν
556 1008 779 1063 εἰργάσατο
811 1006 994 1063 αὐτούς,
1026 1004 1167 1063 ὅρκοις
1200 1010 1246 1049 δὲ
1276 1006 1350 1049 καί
1374 1009 1535 1049 πίστεσι
1569 1023 1648 1049 κα-
1662 1011 1774 1046 Ρ.147

180 1074 375 1130 ταλαβοόν
406 1077 483 1117 τοῦ
511 1078 660 1117 λοιποῦ
699 1077 832 1130 μηδὲν
862 1077 986 1116 πλέον
1025 1073 1287 1129 νεωτερίζειν
1315 1074 1416 1127 περὶ
1442 1073 1519 1127 τήν
1548 1071 1651 1115 ἐαυ-

181 1143 254 1185 τοῦ
277 1141 438 1198 χώραν,
469 1142 630 1198 α’φῆκεν
659 1142 816 1190 ἀσινεῖς
846 1143 1030 1183 α’πιὲναι.
1086 1139 1192 1194 μετὰ
1226 1142 1272 1182 δὲ
1303 1142 1437 1182 ταῦτα
1465 1140 1649 1196 Ἀλφόν-

127 1229 170 1263 15
182 1224 255 1258 σος
282 1207 458 1264 ἀφίκετό
488 1224 532 1250 τε
563 1210 606 1257 ἐς
635 1209 833 1260 Ἰταλίαν,
862 1207 920 1256 ὥς
947 1206 1156 1261 πρότερόν
1184 1222 1258 1259 μοι
1290 1208 1549 1260 δεδήλωται,
1579 1210 1650 1247 καὶ

181 1277 254 1318 ἐπὶ
278 1274 355 1329 τὴν
385 1277 602 1330 Σικελίαν,
647 1274 719 1316 καί
748 1272 976 1327 κατασχών
1015 1273 1089 1328 τὴν
1132 1272 1390 1321 Νεαπόλεως
1427 1275 1650 1325 βασιλείαν

180 1341 286 1396 πρός
315 1356 360 1382 τε
388 1339 488 1389 τούς
514 1341 723 1389 Ἰανυΐους
753 1341 963 1391 ἐπολέμει,
997 1338 1102 1380 ἔνθα
1133 1338 1183 1394 δὴ
1214 1338 1288 1380 καί
1314 1335 1426 1380 ἑάλω
1446 1338 1527 1379 ὑπὸ
1548 1338 1651 1380 τού·-

178 1423 274 1463 των,
302 1405 359 1455 ὥς
386 1409 430 1448 ἑν
460 1409 516 1462 τῷ
557 1405 797 1462 ἔμπροσθεν
828 1405 1056 1462 ἐπεξῆλθον
1085 1405 1218 1462 λόγῳ,
1248 1404 1320 1446 καί
1350 1404 1504 1458 six-9³24
1532 1404 1647 1459 παροὶ

179 1471 252 1516 τὸν
279 1473 553 1515 Μεδιολάνου
585 1470 771 1527 ἡγεμόνα
812 1469 939 1522 αὖθις
972 1470 1178 1527 ἀπελύθη.
1236 1471 1309 1526 τὴν
1336 1473 1480 1523 μέντοι
1494 1477 1648 1525 γυναῖ-

122 1555 169 1591 20
181 1555 232 1581 κα
262 1538 396 1580 αὐτοῦ
422 1538 668 1581 καταλιπών
689 1541 734 1580 ἐν
752 1541 974 1593 Ταρακῶνι
1001 1538 1140 1580 οὐκέτι
1167 1535 1295 1579 πάλιν
1326 1537 1503 1593 ἄφίκετο
1539 1538 1647 1590 ὀψό-

177 1619 303 1659 μενος
329 1607 495 1646 πολλῶν
520 1607 638 1658 ἑτῶν,
668 1607 803 1647 αὐτοῦ
832 1607 878 1647 δὲ
911 1607 954 1654 ἐς
978 1603 1137 1660 ἔρωτας
1166 1603 1216 1645 τά
1244 1602 1376 1646 πολλά
1416 1604 1645 1659 διατρίβων

159 1662 395 1726 daerente,
423 1670 700 1726 χρηματίζων
728 1685 774 1712 τε
801 1668 928 1726 ἔρωτι
959 1671 1031 1712 καί
1056 1676 1146 1720 τοῖς
1178 1666 1335 1719 ὅπλοις.
1394 1663 1423 1726 ᾗ
1454 1672 1533 1722 μὲν
1563 1671 1642 1711 αῦ-

177 1740 236 1795 '‘k'‘
263 1737 315 1780 τοὶ
348 1738 456 1780 κατὰ
497 1739 572 1792 τήν
607 1738 795 1780 Ἰταλίαν
838 1737 1086 1792 α’πέβαινεν“,
1126 1733 1300 1794 ὕστερόν
1334 1752 1407 1790 μοι
1439 1737 1642 1792 δηλοῦται

123 1846 127 1851 ,
178 1801 367 1859 προϊόντι
394 1806 454 1862 τῷ
481 1804 588 1861 λόγῳ
619 1805 662 1853 ἐς
690 1804 916 1860 α’φηγησιν.
1654 1814 1678 1846 Β

273 1906 331 1940 23.
359 1904 556 1948 δηλοῦνται
581 1905 606 1937 Ρ

180 2002 358 2045 Albarus,
382 2002 492 2036 misso
518 2012 698 2047 praecone
723 2001 827 2034 iussit
852 2012 931 2035 eum
957 2001 1153 2044 excedere,
1180 2003 1210 2036 si
1236 2003 1365 2049 sapiat,
1392 2013 1498 2049 quam
1527 2004 1642 2036 celer-

179 2050 267 2082 rime
293 2061 336 2083 ex
358 2059 422 2082 sua
451 2050 607 2093 regione.
657 2060 734 2081 cum
762 2054 881 2082 autem
912 2049 1117 2095 Alphonsus
1145 2050 1384 2095 responderet
1412 2062 1450 2084 se
1476 2061 1549 2083 non
1578 2062 1637 2083 ac-

179 2097 308 2130 cedere
333 2102 374 2130 ut
400 2097 512 2142 patris
537 2097 613 2130 eius
639 2097 757 2130 asinos
787 2097 824 2129 in
850 2108 982 2142 pascua
1003 2097 1163 2138 duceret,
1189 2097 1254 2130 sed
1277 2109 1315 2130 se
1341 2097 1464 2130 adesse
1490 2103 1531 2130 ut
1559 2099 1636 2130 acie

178 2143 335 2186 dimicet,
363 2144 484 2189 copias
510 2144 549 2177 in
576 2145 689 2176 aciem
714 2142 877 2185 deduxit,
904 2150 940 2177 et
957 2155 1035 2178 cum
1057 2150 1211 2190 utroque
1237 2145 1345 2178 fratre
1372 2144 1566 2188 confligens
1583 2146 1638 2177 vi-

176 2192 290 2225 ctoria
315 2192 453 2237 potitus
477 2196 543 2224 est.
594 2202 673 2223 cum
697 2197 817 2224 autem
843 2191 1020 2236 praelium
1046 2193 1331 2225 committeretur
1343 2197 1459 2232 atrox,
1483 2192 1635 2225 Albarus

175 2239 460 2272 Tarraconenses
494 2244 593 2282 terga
635 2244 774 2271 vertere
811 2240 948 2282 coegit3
988 2244 1024 2272 et
1062 2239 1242 2283 fugientes
1271 2245 1480 2284 persecutus
1508 2240 1634 2272 fratres

177 2285 301 2319 ambos
325 2285 610 2331 comprehendit,
633 2296 834 2331 magnaque
861 2287 1183 2320 'l'arraconensium
1212 2293 1345 2330 strages
1367 2286 1462 2319 sacta
1489 2291 1553 2318 esti
1596 2291 1636 2319 ut

178 2341 277 2376 reges
305 2333 409 2366 ambo
447 2332 492 2365 ad
522 2332 708 2365 lberorum
735 2343 852 2376 regem
887 2339 971 2366 sunt
998 2333 1157 2374 adducti,
1185 2333 1278 2366 nihil
1306 2334 1390 2366 mali
1416 2339 1502 2366 sunt
1526 2334 1634 2378 passi,

176 2391 300 2413 verum
325 2380 514 2413 iuramenti
554 2381 730 2423 religione
757 2380 846 2413 fides
876 2386 1022 2426 accepta
1049 2387 1123 2422 est,
1149 2392 1195 2414 ne
1220 2380 1310 2425 quid
1334 2385 1459 2425 postea
1484 2381 1567 2413 novi
1595 2381 1635 2414 in

175 2438 238 2460 sua
268 2427 414 2471 regione
440 2427 672 2470 molirentur;
698 2433 735 2460 et
765 2429 912 2473 impune
953 2429 1088 2462 dimissi
1117 2433 1200 2461 sunt
1226 2427 1270 2460 ad
1294 2439 1368 2460 sua.
1419 2432 1545 2472 postea
1570 2428 1635 2460 Al-

174 2473 363 2519 phonsus,
396 2478 437 2506 ut
460 2485 566 2519 supra
591 2474 835 2516 ostendimus,
863 2476 902 2508 in
931 2476 1071 2509 Italiam
1112 2481 1149 2508 et
1174 2476 1212 2508 in
1238 2475 1395 2507 Siciliam
1426 2474 1542 2516 venit·‚
1570 2475 1636 2520 qui

174 2521 221 2553 ab
250 2520 377 2554 iisdem
403 2526 526 2566 captus
551 2521 598 2554 ad
621 2521 821 2555 Mediolani
850 2522 988 2564 ducem,
1015 2528 1055 2556 ut
1074 2528 1181 2555 antea
1201 2521 1399 2562 docuimus,
1424 2521 1562 2562 ductus,
1587 2521 1632 2554 ab

175 2568 304 2601 eodem
342 2568 540 2602 inviolatus
577 2573 614 2601 et
647 2569 839 2602 incolumis
864 2569 920 2602 'ad
956 2582 1019 2604 sua
1045 2571 1211 2603 remissus
1238 2575 1302 2602 est.
1361 2579 1507 2601 uxorem
1533 2579 1632 2601 suam

174 2615 380 2660 Alphonsus
411 2615 449 2647 in
473 2615 676 2649 Tarracone
703 2617 872 2662 reliquit,
900 2628 966 2650 nec
991 2617 1116 2650 multis
1140 2617 1242 2649 annis
1270 2615 1469 2649 interiectis
1499 2627 1541 2648 eo
1572 2627 1631 2649 re-

173 2673 296 2696 versus
326 2668 391 2703 est,
417 2667 458 2695 ut
485 2673 562 2695 eam
590 2663 733 2696 viseret.
793 2675 874 2696 nam
900 2665 936 2697 in
963 2665 1068 2698 ltalia
1094 2669 1131 2697 et.
1155 2663 1278 2696 Sicilia
1303 2662 1523 2702 versabatur,
1551 2664 1631 2708 ple-

174 2720 325 2755 rumque
348 2714 411 2742 aut
436 2709 546 2742 amori
574 2715 637 2742 aut
660 2711 711 2743 rei
737 2711 883 2744 militari
908 2722 1053 2755 operam
1082 2710 1181 2744 dans.
1233 2710 1415 2756 quomodo
1437 2711 1470 2743 ei
1495 2711 1533 2744 in
1557 2712 1628 2743 lta-

173 2756 223 2790 lia
249 2768 303 2790 res
328 2757 576 2798 successerint,
605 2756 774 2802 deinceps
799 2757 950 2791 dicetur.
