1774 3204
257 181 355 230 440
627 190 842 231 LAONJC!
885 189 1388 249 CHALCOCONDYLAE

256 287 371 342 α’μφί
395 289 465 334 τάς
494 289 607 327 πέντε
637 288 860 341 μυριάδας.
920 287 1002 328 ἀπό
1040 300 1081 328 τε
1111 290 1184 341 τῆς
1211 290 1291 328 τῶν
1309 283 1444 329 ἄλλων
1473 286 1688 341 προσόδων

198 367 201 371 ’
254 354 415 404 προσίοι
448 350 500 392 ἄν
529 354 642 407 αύτῷ
671 355 712 402 ἐς
739 351 866 394 εἴκοσι
897 351 1123 405 μυριάδας.
1155 352 1227 393 καί
1253 350 1334 392 άπὸ
1367 354 1450 393 τῶν
1479 354 1687 405 ἐμπορίων

253 418 325 456 καί
353 418 428 456 τοῦ
457 417 652 469 πορθμοῦ
694 419 765 459 κατ’
805 416 1019 469 μετάλλων
1047 420 1118 458 καί
1154 417 1307 472 ὀρύζης
1335 416 1406 459 καί
1431 419 1591 470 χαλκοῦ’
1617 415 1689 456 κατ’

253 483 514 534 στυπτηριῶν
549 483 622 521 καί
660 486 951 534 πενταμοιριάς
991 484 1073 522 τῶν
1113 478 1388 535 ἀνδραπόδων
1424 479 1598 534 μεγίστη
1633 476 1685 519 ἂν

252 546 530 596 λογιζομένοις
557 545 791 599 εὑρίσκοιτο
815 545 838 599 ἧ
869 547 1080 600 πρόσοδος.
1120 545 1200 586 α’πὸ
1227 549 1361 597 μέντοι
1389 547 1465 587 τοῦ
1491 546 1718 597 πορθμοῦὸ

251 611 322 649 καί
352 609 431 650 άπὸ
462 609 607 663 Φάρου
648 613 689 657 ἐς
721 610 848 651 εἴκοσι
887 612 1099 663 μυριάδας
1137 611 1315 664 εὑρίσκω
1343 606 1688 661 α’ναπυνθανόμε..

251 688 331 720 νος.
388 676 471 715 τῶν
498 676 543 716 δὲ
576 675 789 726 μετάλλων
817 677 891 716 ου’κ
935 675 1051 728 ὀλίγη
1084 676 1196 731 αὐτῷ
1224 676 1447 728 ἐπιγίνεται
1475 673 1687 729 πρόσοδος,

251 741 293 788 ἐς
326 741 424 779 δέκα
452 739 675 793 μυριάδας.
751 739 834 781 α’πὸ
877 741 923 781 δὲ
968 739 1121 792 ὀρύζης
1150 742 1219 781 καί
1263 742 1346 781 ταῖν
1373 736 1510 781 ἄλλων
1535 742 1616 781 τῶν
1644 739 1687 787 ἐς

211 803 324 852 Οτὰς
355 805 489 859 θύρας
518 802 1019 859 τεταγμένωνπροσόδων
1043 808 1117 845 τοῦ
1149 808 1365 859 βασιλέως,
1393 802 1443 853 ἃς
1473 803 1523 857 δὴ
1554 804 1686 857 χάσια

251 871 467 910 ποιοῦνται
495 867 533 910 οἱ
563 872 643 910 τῶν
671 871 830 923 θυρῶν,
860 868 903 917 ές-
930 869 1058 911 εἴκοσι
1083 868 1295 924 μυριάδας
1324 868 1584 923 λογιζόμενος
1611 866 1686 910 mix
1701 878 1744 911 10

251 932 577 986 άποτυγχάνοιμ’
617 930 667 974 ἂν
706 936 780 973 τοῦ
809 935 989 982 εἰκότος·
1060 933 1191 987 χάσια
1221 934 1302 988 γὰρ
1333 933 1413 976 α’νιὶ
1441 934 1516 989 τὴν
1537 931 1687 977 Ἀσίαν

251 1014 296 1039 τε
337 1001 406 1039 καί
431 996 642 1052 Ειῗριόπην
672 998 785 1054 αὐτῷ
823 998 878 1046 ὥς
909 998 1084 1040 ’πλεῖστά
1118 1015 1161 1039 τε
1200 1002 1270 1040 καί
1305 995 1470 1054 ἄριστα.
1523 998 1688 1046 τούτοις
1727 1036 1734 1042 χ

251 1065 288 1103 δ’
315 1062 478 1104 ἔπεστιν
504 1059 615 1118 αὐτῷ
641 1062 661 1102 ὁ
694 1066 774 1104 τῶν
802 1063 1009 1117 ἡγεμόνων
1037 1079 1079 1104 τε
1120 1063 1190 1104 καί
1215 1066 1422 1116 βασιλέων
1445 1063 1576 1119 φόρος
1605 1065 1688 1103 τῶν

251 1144 294 1168 τε
325 1126 552 1182 ὁμοφύλων
593 1127 663 1168 καί
701 1125 949 1183 ἀλλοφύλων
977 1132 1145 1183 σφίσιν,
1183 1127 1465 1182 ἐπιγενόμενος
1501 1131 1544 1178 ἐς
1587 1131 1687 1170 δέκα

250 1198 472 1251 μυριάδας.
532 1195 641 1238 οὕτω
680 1199 726 1238 δὲ
765 1200 909 1250 γένοιτ’
937 1193 988 1239 ἂν
1027 1199 1051 1251 ἡ
1083 1197 1285 1252 πρόσοδος
1325 1201 1382 1254 τῷ
1409 1202 1584 1253 βασιλεῖ’,
1610 1195 1686 1253 ὅση
1701 1207 1744 1241 15

251 1265 523 1316 παραγίνεται
547 1259 657 1318 αὑτῷ
679 1266 720 1310 ἐς
740 1261 812 1310 τάς
836 1260 972 1315 θύρας
994 1265 1065 1304 καί
1081 1265 1123 1312 ἐς
1151 1261 1224 1304 τὸν
1248 1261 1408 1316 χασνάν
1439 1262 1690 1314 καλούμενον

248 1331 324 1369 τοῦ
350 1330 577 1380 βασιλέως,
608 1328 722 1382 α’μφί
750 1326 823 1377 τάς
847 1327 1110 1382 τετρακοσίας
1144 1326 1354 1382 μυριάδας
1382 1327 1559 1383 χρυσίου
1588 1343 1690 1369 στα..

250 1390 397 1447 τήρων.
426 1391 511 1435 ἔστι
537 1394 583 1434 δὲ
602 1391 714 1446 παρά
738 1392 894 1441 ταύτας
926 1391 1127 1446 πρόσοδος
1151 1389 1254 1447 ἄλλη
1278 1395 1483 1444 βασιλέως
1502 1390 1583 1434 α’πὸ
1609 1395 1691 1434 τῶν

250 1459 478 1511 ἀρχόντων,
497 1458 618 1511 ἔαρος
638 1459 936 1511 ἐπιγινομένου,
950 1456 1119 1498 ἐπειδάν
1139 1459 1335 1514 ἐξελαύνῃ
1354 1455 1551 1510 βασιλεῦς
1562 1473 1690 1510 στρα-

253 1525 453 1577 τηλατῶν,
481 1521 560 1564 ὑπὸ
575 1539 618 1563 τε
645 1526 726 1563 τῶν
748 1523 950 1575 ὑπάρχων
971 1538 1012 1564 τε
1035 1525 1108 1563 καῖ’
1125 1524 1362 1577 στρατηγῶν
1381 1522 1453 1564 καί
1480 1522 1689 1575 ἡγεμόνων
1700 1531 1746 1565 20

212 1589 324 1631 Ι)καί
353 1588 566 1642 ἀρχόντων
606 1590 721 1642 δῶρα
753 1588 1001 1640 νομιζόμενα
1038 1587 1142 1628 κατὰ
1175 1590 1250 1641 τήν
1277 1585 1453 1629 ἑκάστου
1482 1584 1688 1640 πρόσοδον

253 1654 308 1710 τῷ
333 1657 504 1706 βασιλεῖ
529 1652 571 1702 ἐς
597 1653 669 1708 τήν
696 1652 895 1704 ἐξέλασιν.
952 1652 1024 1693 καί
1050 1651 1138 1694 ἔστι
1165 1654 1306 1706 μέντοι
1335 1650 1506 1706 τοιαύτη
1536 1647 1689 1706 πρόσο·

346 1768 379 1802 6.
407 1768 522 1804 διέδου
549 1769 573 1802 Ρ
693 1769 750 1802 22.
775 1769 845 1815 μὲν
871 1767 896 1811 ἢ,
915 1767 1086 1811 tonatim?

257 1873 442 1916 myriades,
501 1875 521 1906 a
557 1875 703 1919 reliquis
734 1878 852 1907 autem
890 1873 1062 1907 reditibus
1094 1873 1221 1917 accipit
1247 1872 1386 1905 circiter
1406 1870 1531 1915 viginti
1558 1869 1687 1912 myria·

257 1920 331 1952 des.
380 1921 466 1964 quin
492 1921 596 1953 etiam
623 1921 794 1953 maximus
821 1919 954 1952 reditus
978 1920 1076 1952 venit
1098 1919 1141 1951 ab
1169 1919 1348 1963 emporiis,
1374 1917 1536 1957 traiectu,
1558 1916 1688 1950 metal-

258 1967 312 2005 lis,
338 1967 430 1998 oriza
448 1990 458 2006 ‚
481 1978 583 2007 aere,
612 1967 768 1999 alumine
795 1972 832 2000 et
857 1966 980 2012 quinta
1009 1971 1108 2010 parte
1129 1965 1396 2009 mancipiorum.
1443 1974 1515 1996 non
1541 1962 1687 1995 dubium

258 2018 312 2044 est
341 2013 427 2056 quin
453 2013 482 2045 is
508 2013 677 2045 maximus
703 2014 760 2052 sit,
788 2013 815 2045 si
844 2013 922 2057 quis
942 2023 1022 2044 eum
1050 2011 1093 2043 ad
1121 2012 1275 2044 calculos
1302 2014 1453 2043 revocet.
1501 2009 1687 2042 traiectum

257 2065 294 2091 et
316 2057 463 2090 Pharum
488 2060 627 2091 circiter
652 2059 777 2102 viginti
801 2058 973 2101 myriades
990 2057 1218 2103 suppeditare
1236 2056 1400 2101 comperi.
1449 2055 1583 2088 reditus
1610 2065 1688 2086 me-

257 2105 450 2146 tallorum,
489 2105 551 2150 qui
593 2115 658 2137 nec
693 2106 768 2148 ipse
792 2104 950 2137 modicus
981 2109 1055 2143 est,
1093 2104 1236 2146 attingit
1262 2102 1382 2135 decem
1409 2100 1594 2144 myriades.
1642 2100 1687 2132 ab

258 2151 351 2183 oriza
377 2156 412 2183 et
437 2151 581 2196 reliquis
605 2150 847 2194 vectigalibus,
874 2161 966 2195 quae
999 2151 1126 2183 ianuae
1151 2149 1281 2181 milites
1305 2148 1450 2192 exigunt
1473 2152 1510 2180 et
1537 2145 1687 2179 incha-

258 2198 309 2229 sia
337 2202 534 2237 secernunt,
558 2197 691 2230 reditus
717 2196 904 2239 colligitur,
929 2198 956 2228 si
982 2197 1061 2240 quis
1096 2196 1268 2228 rationem
1294 2195 1400 2233 ineat,
1426 2193 1486 2237 qui
1512 2196 1611 2224 tenet
1635 2192 1689 2224 vi-

259 2243 348 2285 ginti
371 2243 565 2286 myriades:
591 2243 740 2287 plurima
760 2243 852 2274 enim
876 2242 994 2275 chasia
1019 2247 1054 2275 et
1079 2242 1214 2285 optima
1238 2250 1301 2285 per
1325 2239 1497 2284 Europam
1522 2244 1558 2271 et
1571 2238 1686 2271 Asiam

258 2289 445 2322 habentur.
504 2289 574 2323 huc
596 2289 731 2322 accedit
755 2288 925 2321 tributum
961 2287 1160 2333 principum
1185 2291 1222 2319 et
1248 2295 1377 2329 regum,
1403 2283 1501 2330 quod
1528 2283 1691 2329 pendunt.

260 2341 331 2368 tam
356 2335 545 2379 indigenae
584 2346 687 2380 quam
716 2335 955 2377 alienigenae3
994 2334 1031 2366 id
1059 2333 1166 2366 habet
1190 2333 1331 2365 circiter
1357 2331 1479 2364 decem
1503 2329 1687 2374 myriades.

259 2393 395 2414 summa
419 2383 540 2427 itaque
564 2382 804 2414 universorum
827 2379 1012 2418 redituum,
1038 2390 1126 2423 quos
1149 2378 1254 2412 modo
1279 2377 1558 2417 memoravimus,
1583 2381 1621 2409 et
1643 2375 1689 2408 ad

259 2439 375 2471 regem
405 2433 440 2461 et
465 2428 509 2460 ad
533 2429 659 2460 ianuae
677 2428 806 2460 milites
835 2426 1038 2458 referuntur
1062 2431 1097 2458 et
1122 2425 1167 2457 ad
1184 2425 1262 2457 eius
1286 2425 1450 2458 chasnam
1474 2423 1523 2456 sic
1546 2421 1688 2461 dietam,

262 2475 510 2518 complectitur
534 2475 671 2506 circiter
696 2473 970 2518 quadringentas
994 2471 1170 2514 myriades
1197 2481 1380 2503 aureorum
1409 2466 1605 2503 staterum.‘
1635 2473 1690 2500 est

259 2525 400 2564 praeter
423 2526 601 2553 enarratos
619 2519 752 2552 reditus
777 2524 814 2552 et
836 2518 923 2551 alius
939 2543 948 2558 ‚
973 2529 1078 2562 quem
1097 2517 1216 2551 serunt
1241 2523 1398 2562 tempore
1420 2515 1522 2555 veris,
1545 2513 1688 2558 quando

261 2567 298 2599 in
324 2567 483 2599 militiam
511 2567 745 2611 proficiscitur
785 2576 855 2605 rex,
883 2563 1062 2609 praesides
1087 2563 1194 2596 duces
1218 2563 1400 2607 praefecti,
1423 2561 1585 2594 solennia
1608 2571 1687 2591 mu-

259 2623 344 2644 nera
368 2623 431 2656 pro
459 2613 673 2656 singularum
711 2613 917 2644 facultatum
944 2609 1047 2643 modo
1079 2613 1279 2643 afferentes.
1326 2609 1356 2642 is
1383 2607 1515 2641 reditus
1539 2604 1686 2650 expedi-

259 2659 349 2690 tioni
375 2659 531 2692 inservit.
580 2670 644 2692 nec
668 2665 785 2691 tamen
813 2657 868 2690 hic
895 2656 1028 2690 reditus
1046 2658 1083 2689 'm
1119 2662 1252 2689 certum
1286 2664 1468 2688 numerum
1496 2651 1683 2694 redigitur:

259 2715 380 2738 verum
405 2706 433 2738 si
461 2706 540 2750 quis
565 2717 633 2738 rcm
661 2704 786 2738 sedulo
812 2704 967 2738 excutiat
983 2727 992 2744 ,
1019 2703 1180 2739 inveniet
1200 2703 1307 2737 istum
1332 2700 1481 2735 reditum
1504 2697 1684 2732 continere
