1774 3204
260 171 358 221 574

255 280 408 312 Ioannes
437 278 492 311 vt.
522 278 724 311 Emanuelis
757 279 781 312 f.
817 291 847 313 v.
872 281 939 313 Pa-

304 324 468 365 laeologi.

255 370 405 402 Ioannes
421 369 621 411 Hunyades.
648 370 724 402 eius
750 370 846 413 origo
859 371 938 411 256,

300 417 333 446 Δ.
391 415 523 447 Ardelii
557 415 708 458 regionis
738 417 938 459 praefectus

300 461 379 500 255,
407 462 434 492 1.
462 460 541 501 257,
570 461 621 493 15.
669 472 688 493 a
715 462 938 495 pannonibus

299 506 369 538 dux
387 511 524 538 creatus
537 506 669 539 bellum
683 509 836 551 suscepit
851 519 938 541 con-

298 557 351 584 tra
365 553 497 584 Turcas
521 558 556 584 et
571 553 761 585 Germanos
790 553 868 594 258,
885 555 937 586 11.

298 610 375 630 cum
395 598 616 630 pannonibus
641 599 676 631 in
697 599 835 631 Daciam
854 612 936 644 pro·-

299 644 410 676 fectus
441 650 493 676 est
516 643 593 684 259,
626 644 677 676 15.
728 646 936 678 aTriballo-

301 701 375 721 rum
391 700 468 732 rege
482 691 634 732 Georgio
654 690 698 722 ad
713 691 842 722 bellum
858 703 937 723 cum

299 737 464 768 Amurate
494 736 535 767 ΙΙ.
565 736 750 778 instigatus
775 737 855 775 283,
883 737 935 770 19.

297 782 372 825 ipse
410 783 611 814 Pannonum
653 793 765 824 regem
793 782 937 814 Vladis-

296 827 390 859 laum
426 827 469 859 ad
497 827 629 859 bellum
664 828 825 860 incitavit
858 828 937 868 307,

298 873 351 904 15.
400 878 481 917 post
493 874 672 906 van-nense
694 874 867 917 proelium
893 874 937 906 ab

295 918 398 951 hoste
420 919 570 950 Draeule
584 919 754 952 Dacorum
778 921 937 965 principe

297 969 421 1008 captus
449 971 502 998 est
525 963 606 1003 337,
634 965 687 997 17.
751 967 936 998 Draculem

298 1022 376 1042 cum
408 1010 482 1042 filio
527 1011 676 1053 peremit
714 1016 749 1043 et
786 1012 822 1043 in
861 1013 936 1044 eius

296 1056 528 1100 principatum
539 1057 677 1088 Danum
690 1057 935 1097 restituit338,

298 1102 352 1134 15.
377 1101 522 1141 358,17.
548 1108 668 1134 contra
696 1104 840 1135 Boemos
855 1115 938 1147 pro-

298 1147 410 1180 fectus
453 1154 506 1180 est
533 1147 615 1188 339,
642 1147 696 1180 10.
757 1148 801 1181 ab
827 1151 938 1181 Amu-

299 1199 371 1225 rate
402 1194 539 1237 proelio
575 1193 729 1226 devictus
765 1194 845 1233 368,
883 1195 936 1228 18.

297 1238 377 1278 370,
401 1238 434 1271 8.
486 1240 689 1280 Belgradum
715 1242 936 1284 profecturus

298 1286 334 1317 in
360 1285 488 1318 itinere
507 1285 705 1318 aTriballis
721 1292 842 1331 captus
856 1287 936 1327 372,

300 1331 352 1363 11.
421 1331 464 1361 ab
503 1342 622 1363 eorum
666 1343 744 1376 rege
771 1332 935 1366 dimissus

298 1381 351 1409 est
383 1375 470 1415 373,
498 1376 550 1408 12.
615 1388 692 1409 cum
727 1378 935 1422 Capistrano

296 1422 468 1455 monacho
484 1422 688 1466 Belgradum
712 1431 832 1456 contra
846 1426 936 1457 Tur-

296 1479 352 1500 cas
381 1467 543 1500 defendit
571 1467 650 1508 417,
678 1469 730 1502 19.
761 1470 839 1510 418,
880 1471 934 1504 18.

294 1515 331 1546 in
358 1515 496 1558 proelio
511 1515 713 1548 vulneratus
731 1515 823 1548 haud
845 1517 936 1548 mul-

295 1565 332 1592 to
358 1566 438 1604 post
458 1566 614 1593 mortuus
641 1567 694 1594 est
709 1559 788 1600 424,
800 1562 832 1595 6.
859 1563 933 1594 eius

296 1617 349 1638 res
387 1611 651 1649 gestae,¹nores
663 1606 742 1647 424,
765 1608 818 1641 10.
868 1609 932 1640 filii

293 1650 380 1690 427,
414 1651 467 1684 10.

249 1698 400 1731 loannes
421 1698 600 1730 iberorum
640 1710 698 1731 rex
732 1698 775 1730 de
806 1699 937 1732 familia

297 1744 447 1776 Almenii
474 1743 552 1782 275,
581 1743 633 1777 18.
683 1744 726 1776 ab
751 1745 935 1789 Alphonso

294 1789 606 1822 Tarraconensium
635 1800 713 1833 rege
737 1790 936 1824 debellatus

293 1834 414 1874 276,3.
441 1846 545 1880 quem
557 1836 704 1868 Albai-us
730 1836 939 1870 duxdevicit

295 1881 516 1924 etcaptivum
531 1882 745 1921 fecit277‚8.
761 1894 835 1914 cum
848 1885 936 1914 Gra-

295 1932 399 1959 natae
415 1938 492 1970 rege
507 1927 639 1958 bellum
655 1930 809 1972 suscepit
821 1928 935 1968 278,1.

250 1973 399 2005 Ioannia
426 1985 451 2004 s.
471 1974 641 2005 Ioannina
668 1975 752 2005 olim
773 1975 936 2019 Cassiope

297 2018 390 2051 dicta
415 2018 471 2057 28,
502 2018 554 2051 16.
581 2018 661 2058 236,
685 2019 740 2052 20.

251 2066 352 2097 Ionia
380 2064 433 2104 15,
461 2065 493 2099 2.
522 2065 599 2105 157,
628 2064 661 2097 8.

250 2112 396 2143 Ionuzes
422 2108 502 2150 458,
531 2111 583 2141 11.
607 2109 687 2148 469,
714 2109 755 2141 14
813 2111 936 2143 ianua-

303 2168 372 2188 rum
400 2155 597 2199 praefectus
616 2155 694 2195 519,
723 2156 764 2188 16

250 2201 420 2245 Iosephus
447 2201 515 2234 dux
544 2202 713 2233 'I‘urcicus
738 2202 816 2239 515,
840 2202 873 2236 4,

251 2248 482 2293 ἱππόδρομοι
494 2249 634 2280 Turcici
651 2247 708 2286 99,
728 2248 768 2280 15
808 2247 883 2286 101,
902 2248 934 2282 3.

251 2295 388 2327 isaacus
403 2295 609 2338 Scopiorum
624 2295 787 2337 princeps
796 2293 934 2333 308‚19.

238 2351 243 2353 “
298 2340 455 2373 defuncti
494 2341 665 2372 Amuratis
705 2341 747 2371 11.
791 2350 934 2372 uxorem

299 2386 502 2429 Spenderae
539 2387 646 2417 filiam
683 2386 719 2417 in
755 2386 933 2416 matrimo—

296 2433 394 2465 nium
424 2431 615 2470 duxit376,
634 2431 685 2464 16.
711 2431 789 2472 511,
811 2431 842 2464 7.
855 2430 935 2470 533,

295 2479 351 2511 21.
377 2477 455 2517 535,
474 2477 527 2510 10.
578 2479 650 2509 eius
676 2479 769 2521 regio
788 2477 865 2517 534,
882 2476 933 2509 19.

295 2524 388 2556 filius
412 2523 491 2562 476,
518 2523 552 2556 4.
582 2522 660 2562 534,
685 2523 716 2556 9.

249 2569 388 2602 Isaacus
427 2569 607 2602 Colchidis
643 2575 678 2602 et
701 2569 932 2615 Trapezuntis

299 2627 357 2648 rex
381 2614 462 2654 461,
490 2615 531 2648 15

249 2661 380 2693 Isamus
409 2661 478 2693 dux
504 2661 582 2699 248,
613 2660 664 2694 16.

250 2707 342 2739 lscra
369 2707 573 2740 Boemorum
598 2707 668 2739 dux
692 2705 771 2746 339,
800 2707 851 2739 12.

906 184 1061 222 INDEX

1003 279 1159 314 Isidorus
1196 281 1384 315 Sarmatiae
1416 283 1580 330 princeps
1606 284 1688 327 293,

1053 326 1106 358 14.
1130 326 1208 366 394,
1232 327 1264 360 9.
1289 327 1368 368 399,
1396 329 1429 364 5.

1003 373 1130 405 Ismael
1143 373 1326 406 Scenderis
1353 374 1376 411 f,
1401 373 1481 416 390,
1507 374 1560 411 18.
1586 377 1685 420 prin-

1051 429 1132 462 ceps
1151 419 1302 464 Sinopae
1329 419 1406 460 185,
1428 421 1460 453 2.
1487 421 1568 462 203,
1593 423 1626 456 2.
1651 427 1688 456 et

1050 464 1278 497 Castamonae
1293 463 1372 503 245,
1391 465 1423 498 9.
1447 466 1596 506 471,20.
1606 466 1689 510 485,

1051 509 1117 587 16ὸ
1131 509 1210 550 486,
1234 511 1290 543 20.
1314 511 1394 550 488,
1405 511 1438 543 3.
1488 513 1563 546 eius
1591 515 1685 558 regio

1003 601 1152 634 Isocales
1183 602 1357 634 Patrai-um
1381 603 1581 646 praefectus
1606 602 1688 647 479,

974 718 982 726 .
1003 691 1156 725 isthmus
1187 690 1264 731 183,
1290 691 1346 724 23.
1369 691 1449 732 319,
1469 693 1500 726 2.
1526 693 1607 736 343,
1633 695 1688 733 19.

1049 738 1129 777 378,
1155 737 1186 770 9.
1235 737 1369 770 Isthmii
1395 738 1469 772 ludi
1501 738 1577 781 184,
1609 740 1644 774 4.

1003 784 1107 816 Istria
1130 783 1187 824 28,
1210 782 1244 814 3.
1277 783 1331 824 78,
1360 783 1411 816 13.
1449 784 1528 826 532,
1553 785 1585 820 9.
1610 787 1689 829 535,

1002 875 1093 907 Itali.
1119 874 1163 906 ab
1179 873 1376 907 Andronico
1392 875 1434 907 ll.
1459 881 1580 910 contra
1594 877 1688 912 Tur-

1048 931 1104 953 cas
1131 921 1287 952 accersiti
1317 920 1370 959 18,
1395 920 1447 954 18.
1471 934 1590 956 eorum
1617 924 1687 957 lin-

1048 976 1115 1009 gua
1138 965 1192 1005 78,
1214 966 1246 998 2.
1270 965 1328 1004 89,
1341 966 1376 999 3.
1423 968 1547 1008 victus,
1572 980 1688 1003 armo-

1048 1023 1126 1044 rum
1141 1017 1176 1043 et
1189 1012 1445 1055 suppellectilis
1471 1015 1608 1048 ratione
1633 1017 1690 1048 ni-

1050 1057 1102 1089 hil
1128 1057 1292 1089 differunt
1321 1068 1339 1088 a
1371 1059 1474 1092 Dacis
1509 1060 1564 1102 78,
1591 1062 1624 1094 2.
1650 1061 1684 1095 9.

1050 1114 1170 1134 eorum
1202 1103 1309 1145 gladii
1336 1102 1416 1145 334,
1434 1105 1488 1138 20.

1002 1147 1105 1180 Italia
1123 1150 1159 1181 in
1182 1149 1423 1192 Guelphorum
1439 1156 1475 1183 et
1487 1151 1688 1185 Gibellino-

1049 1206 1123 1226 rum
1138 1195 1309 1227 factiones
1328 1195 1438 1229 divisa
1453 1195 1532 1238 296,
1548 1197 1581 1231 8.
1606 1199 1683 1232 eius

1048 1240 1262 1317 principatus
1286 1239 1365 1281 302,
1392 1243 1422 1274 1.
1471 1243 1688 1288 respublicae

1065 1285 1182 1319 iberae
1206 1286 1286 1326 305,
1313 1286 1368 1319 10.

1003 1332 1097 1364 lteae
1125 1333 1220 1364 vicus
1247 1332 1302 1372 13,
1328 1333 1381 1366 17.

1002 1376 1139 1410 Ithome
1164 1378 1243 1417 242,
1268 1378 1301 1410 5.
1324 1378 1404 1418 381,
1427 1378 1482 1412 20.
1506 1377 1583 1413 412.
1610 1381 1639 1414 1.

1002 1425 1121 1456 iturea
1148 1425 1242 1466 regio
1269 1422 1343 1463 142,
1369 1424 1424 1457 20.

1002 1469 1162 1502 lulianus
1189 1470 1367 1514 pontificis
1384 1471 1527 1503 Romani
1539 1471 1583 1504 ad
1598 1473 1685 1506 Pan-

1049 1526 1161 1548 nones
1190 1517 1323 1558 legatus
1340 1515 1420 1555 324,
1443 1516 1500 1550 22.
1548 1528 1568 1550 a
1594 1518 1686 1551 Tur-

1047 1562 1095 1597 cis
1121 1562 1326 1594 interfectus
1349 1561 1430 1601 337,
1455 1561 1509 1595 14.

1001 1606 1218 1639 Iustinianus
1247 1608 1476 1640 Romanorum
1495 1609 1687 1653 imperator

1045 1653 1325 1696 Peloponnesum
1339 1664 1436 1686 muro
1448 1655 1558 1687 cinxit
1570 1654 1682 1695 184,9.

1000 1697 1088 1739 lyon
1114 1697 1258 1730 Albanis
1285 1699 1309 1730 f.
1334 1698 1413 1739 528,
1440 1699 1498 1732 21.

1001 1744 1139 1775 lzaulus
1160 1745 1438 1778 Dromaenorum
1461 1751 1498 1779 et
1522 1746 1683 1780 Aetoliae

1046 1800 1107 1822 rex
1130 1789 1211 1828 311,
1238 1790 1291 1822 13.
1316 1791 1372 1823 22.

999 1834 1150 1867 Laconia
1174 1835 1229 1872 35,
1246 1835 1276 1867 4Δ
1305 1835 1383 1876 556,
1415 1836 1470 1869 11.

999 1881 1182 1913 Ladislaus
1197 1882 1605 1915 Posummuspannonum
1624 1895 1683 1916 rex

1043 1925 1123 1965 426,
1138 1927 1171 1958 3.
1196 1939 1333 1960 veneno
1361 1929 1520 1962 sublatus
1546 1928 1624 1967 427.
1647 1929 1680 1961 3.

1001 1973 1225 2016 Laimocopia
1252 1974 1332 2005 urbs
1365 1986 1384 2006 a
1419 1975 1613 2008 Mechmete
1638 1976 1682 2007 11.

1046 2017 1186 2050 condita
1212 2018 1291 2058 380,
1317 2019 1350 2051 3.

999 2063 1171 2096 Lamacha
1198 2066 1277 2096 urbs
1301 2063 1355 2102 64,
1386 2064 1440 2098 16.

1001 2111 1208 2154 Lampsacus
1234 2110 1313 2150 202,
1340 2111 1392 2142 11.

1000 2157 1197 2188 Lantislaus
1223 2156 1390 2200 Neapolis
1414 2157 1575 2200 princeps
1601 2157 1679 2195 267,

1047 2201 1100 2233 19.
1127 2213 1261 2234 veneno
1283 2203 1488 2234 interfectus
1514 2202 1556 2234 ab
1574 2214 1680 2235 uxore

1042 2246 1122 2285 269,
1152 2246 1205 2279 14.
1264 2259 1355 2291 quae
1383 2248 1583 2280 Provinciae
1610 2250 1680 2293 regi

1043 2293 1205 2326 Rainerio
1238 2295 1358 2337 nupsit
1402 2294 1506 2338 eique
1540 2304 1682 2338 regnum

1044 2339 1319 2381 Neapolitanum
1357 2338 1499 2372 tradidit
1521 2339 1600 2380 270,
1623 2341 1656 2373 3.

999 2384 1154 2416 Laranda
1181 2385 1304 2416 Cariae
1333 2385 1414 2418 urbs
1441 2383 1520 2425 243,
1549 2386 1602 2421 12.

1001 2430 1130 2462 Larissa
1156 2430 1237 2462 urbs
1263 2431 1342 2470 560,
1370 2431 1396 2461 1.

1002 2475 1280 2508 Lauredanorum
1312 2477 1442 2508 familia
1470 2476 1549 2515 555,
1567 2476 1624 2508 21.

999 2522 1208 2554 Laurentius
1222 2522 1528 2555 Chedrachabares
1539 2525 1598 2567 qui
1613 2522 1678 2555 La-

1043 2567 1190 2600 dislaum
1212 2567 1413 2601 Pannonum
1430 2579 1542 2612 regem
1558 2579 1577 2600 e
1602 2579 1675 2602 me-

1043 2613 1101 2645 dio
1130 2615 1310 2647 sustulisse
1335 2614 1463 2646 dicitur
1485 2613 1564 2653 427,
1586 2612 1619 2646 4.

998 2659 1153 2692 Lebadia
1196 2660 1281 2701 145,
1309 2659 1360 2693 16.
1382 2660 1472 2700 213,
1509 2660 1564 2693 22.
1597 2659 1676 2699 560,

1045 2705 1099 2740 12.
