1884 3178
329 613 395 676 C.
436 618 511 675 A.
552 610 1003 674 FABROTUS
1043 609 1432 674 LECTORI.

717 749 853 755 -ψ
859 747 1038 754 ’.βψ-.-

147 834 350 892 Editioni
377 864 507 891 novae
531 851 705 890 Laonici
730 849 1084 901 Clzalcocondylae
1114 850 1285 888 multum
1311 850 1482 898 accessit,
1517 863 1620 887 can-

146 925 242 966 dide
271 924 426 965 lector:
474 937 556 963 non
595 925 699 962 enim
729 923 838 962 clam
881 931 917 961 te
948 931 1007 962 est
1034 936 1100 961 eos
1128 924 1202 977 qui
1219 923 1400 976 priorem
1431 930 1622 960 curarunt

145 998 213 1039 vel
239 986 501 1037 inemendatis
529 995 732 1036 codicibus
760 1009 863 1044 usos,
893 995 963 1034 vel
999 1008 1215 1049 operarum
1245 995 1495 1047 negligentia
1525 993 1620 1032 bene

142 1069 275 1110 multa
301 1067 447 1108 menda
474 1068 519 1108 in
536 1081 625 1107 eam
645 1068 869 1122 irmpsisse-
926 1067 1019 1106 ltinc
1054 1067 1223 1106 lacunae
1246 1067 1404 1120 plures,
1432 1079 1545 1123 quas>
1562 1079 1620 1104 ex

145 1141 277 1195 Regiis
308 1139 516 1181 codicibus
561 1140 859 1194 supplevimus3
899 1139 994 1179 Ιιίηε
1031 1139 1230 1194 pleraque
1270 1140 1456 1194 corrupte
1495 1138 1619 1199 edita,

141 1227 243 1268 quae
254 1212 391 1269 fidem
423 1212 632 1252 meliorum
665 1210 847 1251 codicum
887 1212 1012 1251 secuti
1049 1219 1240 1266 quantum
1262 1212 1395 1266 potuit
1423 1210 1617 1249 emenda.

141 1286 288 1324 vimus.
320 1285 461 1323 varias
491 1287 616 1323 etiam
633 1285 818 1323 lectiones
847 1297 868 1322 e
896 1283 1049 1323 duobus
1077 1298 1198 1322 manu
1225 1285 1382 1337 scriptis
1409 1283 1618 1322 codicibus

142 1365 354 1411 excerptas
373 1357 416 1395 in
432 1370 504 1395 ora
525 1356 768 1403 exhibemus,
791 1355 928 1410 quibus
963 1356 1161 1395 interdum
1191 1370 1293 1412 quae
1311 1357 1352 1394 in
1365 1356 1507 1410 priore
1525 1355 1618 1393 edi-

144 1429 250 1467 tione
270 1426 498 1482 adscriptae
530 1436 650 1467 erant
667 1426 979 1482 confirmantur.
1009 1436 1048 1467 et
1076 1429 1210 1483 utique
1235 1437 1371 1468 tamen
1400 1428 1616 1467 laudanda

144 1512 278 1537 eorum
309 1512 438 1552 opera
467 1500 542 1553 qui
561 1501 693 1554 primi
709 1499 869 1538 Graeca
899 1513 956 1539 ex
970 1500 1166 1538 veteribus
1193 1499 1401 1539 codicibus
1417 1498 1618 1538 Palatinis

140 1571 183 1610 in
214 1571 345 1610 lucem
370 1571 623 1624 protulerunt
639 1600 649 1619 ‚
693 1584 800 1623 quac
831 1572 1030 1624 interpres
1068 1586 1150 1610 non
1180 1570 1384 1610 ediderat.
1440 1571 1617 1610 Ioannes

143 1643 381 1683 Baltlzasar
410 1643 720 1690 Baumbaclzius,
772 1642 952 1682 Graecae
990 1651 1027 1681 et
1057 1642 1267 1682 IIebraeae
1311 1645 1470 1697 linguae
1514 1658 1615 1698 pro-

129 1716 277 1767 sessor
317 1714 668 1766 Heidelbergensis
686 1744 697 1764 ‚
743 1714 915 1753 studium
950 1723 987 1754 et
1020 1729 1187 1768 operam
1214 1729 1332 1754 suam
1361 1717 1616 1770 impenderat

141 1795 184 1826 ut
209 1786 423 1826 emendate
470 1787 671 1842 Laonicus
709 1787 898 1825 ederetur.
969 1785 1044 1825 sed
1080 1785 1130 1825 id
1153 1787 1347 1826 librorum
1359 1789 1506 1839 satum
1535 1803 1616 1827 esse

141 1857 318 1909 videtur,
352 1867 394 1897 ut
421 1859 463 1897 in
496 1860 657 1898 vitiosos
687 1859 842 1898 codices
869 1859 970 1909 sere
1000 1858 1185 1898 incidant
1224 1862 1295 1914 qui
1319 1860 1451 1914 primi
1479 1860 1614 1906 Grae-

143 1943 231 1970 cum
260 1931 328 1969 vel
355 1931 541 1969 Latinum
578 1939 778 1969 auctorem
815 1931 1040 1985 publicant.
1096 1939 1134 1969 et
1164 1931 1238 1986 qui'
1256 1940 1398 1986 postea
1429 1932 1614 1972 meliores

143 2003 252 2040 nacti
277 2011 370 2041 sunt
397 2003 571 2051 codices,
599 2003 820 2053 feliciores
851 2003 1009 2057 quidem
1038 2012 1147 2052 sunt,
1192 2004 1357 2042 minime
1389 2013 1525 2043 autem
1556 2005 1619 2044 ad

141 2087 225 2112 rem
253 2074 503 2113 litterariam
535 2074 762 2113 iuvandam
790 2076 1017 2129 proniores.
1083 2076 1132 2114 de
1159 2076 1320 2115 nomine
1352 2090 1450 2114 vero
1478 2085 1615 2115 aucto-

142 2146 202 2184 ris
230 2160 309 2185 ηοη
335 2148 544 2186 convenit:
590 2161 682 2185 nam
723 2147 799 2185 alii
844 2147 1180 2199 Clzalcondylem,
1205 2148 1285 2186 alii
1313 2147 1614 2199 Clzalcocondy-

140 2217 216 2257 lem
244 2219 468 2272 appellant.
526 2219 654 2271 Regia
681 2219 938 2273 exemplaria
957 2217 1315 2271 Χαλκοκανδιῖλην
1353 2219 1506 2258 habent
1530 2229 1614 2258 tam

139 2289 184 2329 in
212 2290 308 2328 libri
341 2291 564 2344 epigraphe
590 2304 720 2346 quam
749 2306 792 2344 p.
826 2291 1038 2330 CLXXX!
1069 2291 1092 2330 d
1110 2321 1120 2341 ‚
1153 2300 1195 2330 ut
1221 2305 1301 2346 quo
1332 2292 1491 2330 nomine
1518 2306 1614 2331 cen-

139 2363 223 2401 seri
248 2362 401 2402 debeat
426 2372 532 2402 certo
561 2363 726 2418 definiri
754 2378 833 2403 non
855 2365 985 2418 possit
1014 2373 1186 2418 propter
1222 2364 1399 2403 codicum
1431 2365 1614 2404 varieta-

139 2443 228 2474 tem.
285 2444 371 2474 utro
412 2444 544 2474 autem
587 2436 746 2475 nomine
774 2450 862 2475 eum
893 2436 1175 2488 indigitemus‚
1215 2437 1379 2475 multum
1416 2437 1611 2477 laboran-

142 2505 237 2544 dum
268 2521 346 2546 non
377 2516 448 2546 est.

254 2577 473 2623 Praeterea
517 2593 623 2618 nova
653 2580 849 2634 quaedam
883 2580 1219 2621 Graecobarhara
1263 2590 1470 2620 occurrunt
1497 2582 1615 2636 apud

142 2649 372 2688 Laonicum
399 2660 437 2689 et
466 2651 628 2690 Ducam
646 2682 656 2701 ,
684 2666 800 2707 quem
833 2668 854 2691 e
892 2653 1066 2693 tenebris
1094 2655 1198 2691 eruit
1225 2654 1519 2692 eruditissimus
1547 2656 1614 2693 vir

142 2720 297 2760 Ismael
324 2722 562 2763 Bullialdus.
620 2738 668 2763 ea
699 2739 769 2764 nos
794 2725 989 2778 glossario
1019 2725 1196 2763 adhibito
1227 2726 1508 2779 explicuimus,
1529 2741 1609 2765 non

139 2793 232 2832 hinc
266 2794 362 2833 inde
394 2803 603 2835 auctorum
650 2796 748 2836 locis
784 2796 1074 2846 emendicatis,
1106 2796 1176 2835 sed
1189 2797 1283 2842 jere
1311 2812 1366 2837 ex
1396 2797 1512 2837 libris
1539 2799 1610 2837 Ιια-
