1800 3172
239 190 258 228 1
268 189 329 231 ΩΟ
550 186 765 227 LAONlCl
807 187 1312 229 CHALCOCONDYLAE

233 293 325 328 λεια
356 289 396 328 ἐν
426 288 475 342 τῇ
505 285 620 326 πόλει
652 288 702 341 τῇ
746 285 856 339 παρὰ
887 285 964 339 τήν
986 284 1218 338 θάλασσαν,
1253 317 1263 327 .
1294 318 1303 327 .
1334 319 1342 327 .
1375 317 1384 327 .
1417 289 1660 340 καλουμένη,

230 351 389 405 μεγάλη
419 367 462 393 τε
495 343 566 391 καί
593 349 756 406 πλούτῳ
787 353 1070 405 προφέρουσα.
1133 350 1279 405 ὁμορεῖ
1303 353 1349 392 δὲ
1375 353 1422 407 τῇ
1450 366 1495 392 τε
1524 351 1665 405 Airai-2

232 433 319 473 πτῳ
350 417 421 457 καί
449 418 629 469 Περσῶν
668 414 787 471 χώρᾳ
813 417 884 456 καί
919 416 1171 467 Ἀσσυρίων.
1229 414 1310 456 dud
1343 415 1422 470 γὰρ
1453 417 1661 470 Κολχίδος

188 483 304 523 Dicat*
334 479 505 534 Φάρους
528 481 671 532 χώρας
709 481 751 527 ἐς
791 479 861 533 τὴν
886 480 1107 521 θάλασσαν
1137 480 1211 533 τὴν
1241 482 1284 528 ἐς
1311 481 1385 534 τὴν
1412 483 1551 534 κοίλην
1578 484 1659 521 Συ-

231 548 353 597 ριάν,
382 546 423 593 ἐς
458 544 530 598 τὴν
558 544 815 586 Λαοδίκειαν
844 547 1102 598 καλουμένην
1128 546 1248 586 πόλιν
1267 576 1278 597 ,
1317 545 1380 600 εἴη
1419 547 1458 587 δ’
1488 543 1542 586 ἂν
1566 545 1692 596 ὁδὸςς)

228 611 395 665 ἡμερῶν
425 641 434 650 .
467 642 478 654 .
512 641 522 650 .
551 642 561 650 .
601 611 724 663 α’νδρί
772 608 936 664 εὐζώνῳ
969 611 1073 664 πεζῇ
1109 611 1442 667 διαπορευομένῳ
1471 610 1547 664 τὴν
1574 609 1659 662 χαί-

229 691 318 729 ραν,
348 676 420 716 καί
444 674 489 715 τὸ
519 676 711 715 ἐντεῦθεν
735 676 805 726 τῆς
837 673 947 714 κάτω
967 673 1111 722 Ἀσίας
1137 673 1239 715 <ficei
1259 675 1513 728 χερρόνησον
1543 689 1658 728 γεγε-

226 743 392 793 νῆσθαι,
418 739 490 788 καί
514 737 586 791 τήν
615 754 658 780 τε
682 737 886 792 Ἀραβίαν
917 738 1028 786 ἐκτὸς
1056 743 1244 791 γίνεσθαι
1273 741 1345 792 τῆς
1373 741 1527 787 Ἀσίας.
1572 738 1655 781 ἔστι

229 807 274 845 δὲ
300 799 471 858 ἦχώρα
501 799 608 856 αὕτη
638 802 859 857 ἐπίφορος,
886 802 955 843 καὶ
985 804 1165 856 δένδρων
1191 819 1232 845 τε
1261 806 1334 845 καί
1363 804 1559 858 φοινίκων
1587 817 1661 844 ne·

229 871 487 922 πληρωμένη,
518 867 589 908 καί
619 870 663 909 ἐν
689 870 802 923 μέσῳ
831 870 946 908 δυοῖν
966 874 1167 919 ποταμοῖν
1195 870 1436 923 περίρρυτος
1463 870 1654 921 γενομένη
1669 883 1711 916 10

228 931 410 987 καρπούς
447 948 492 973 τε
531 934 697 986 ἐκφέρει
732 931 962 985 ὑπερφυεῖς
990 934 1046 988 τῷ
1078 934 1243 985 μεγέθει
1274 936 1346 974 καί
1374 932 1654 974 πολλαπλασί.

227 1014 297 1046 ους
318 1031 328 1048 ,
361 994 465 1038 ὥστε
503 998 731 1048 ευ’δαι’μονα
773 994 854 1036 ὑπὸ
891 1000 972 1037 τῶν
1016 999 1299 1050 παλαιοτέρων
1330 999 1552 1051 κεκλῆσθαι
1583 993 1654 1037 ἇν-

228 1065 349 1117 δραῖν.
419 1062 489 1102 διὰ
529 1063 659 1102 ταῦτα
698 1060 768 1102 ἐπὶ
804 1060 955 1115 ταύτην
997 1060 1069 1114 τήν
1107 1063 1330 1115 Ἀραβίαν,
1371 1059 1434 1103 ὅτι
1461 1063 1654 1103 Καδδου-

120 1141 154 1173 Ρ,
171 1139 215 1174 64
228 1131 333 1176 σίοις
354 1127 425 1167 ὑπ’
442 1128 577 1167 αὐτοῦ
598 1128 916 1178 πολεμουμένοις
943 1126 1168 1179 συνεμάχει
1191 1128 1491 1179 αἰτιασάμενος,
1507 1128 1654 1180 ἐστρα-

227 1193 383 1234 τεύετο.
454 1193 524 1232 καί
563 1193 626 1239 δίς
667 1193 743 1243 μὲν
792 1193 1024 1243 ἐμαχέσατο
1065 1193 1122 1246 τῷ
1151 1192 1340 1245 Ἀράβων
1367 1189 1654 1246 στρατεύματι,
1670 1197 1712 1241 1'5

228 1257 298 1298 καί
341 1258 432 1297 οὐδ’
472 1254 528 1304 ὥς
558 1255 750 1310 ἠδυνήθη
780 1258 1042 1307 τρέψασθαν
1108 1254 1212 1307 μετὰ
1250 1258 1296 1298 δὲ
1329 1255 1656 1308 διαπρεσβευσά-

227 1337 361 1373 μενος,
390 1319 497 1362 ὥστε
527 1320 729 1374 στρατιάν
772 1321 917 1360 δοῦναι
957 1322 1026 1360 καί
1056 1320 1183 1374 φόρον
1224 1321 1395 1372 ἀπάγειν
1420 1322 1496 1360 τοῦ
1526 1318 1656 1373 ἔτους,

228 1385 326 1427 ὅσον
353 1383 404 1426 ἂν
434 1387 578 1439 σφίσιν
607 1384 828 1435 ἐπιτάττοι,
856 1383 1035 1432 σπονδάς
1064 1401 1105 1425 τε
1134 1386 1356 1438 ἐποιήσατο
1374 1386 1444 1426 καί
1469 1383 1516 1426 τὸ
1547 1414 1558 1426 .
1579 1414 1590 1426 .
1610 1415 1621 1426 .
1641 1414 1655 1427 .

227 1451 288 1492 ἐπ’
318 1451 447 1492 αὐτὸν
488 1449 675 1504 Ἀράβων
708 1451 925 1502 πρέσβεις,
953 1448 995 1490 οἳ
1033 1451 1103 1490 καί
1143 1447 1384 1504 ἀφικόμενοι
1411 1448 1656 1504 προΐσχοντο

227 1532 268 1557 τε
309 1517 383 1569 τὴν
418 1515 564 1568 χώραν
609 1515 684 1554 τοῦ
725 1511 856 1566 ἥρωος
895 1516 953 1566 μὴ
998 1518 1217 1567 λεηλατεῖν,
1246 1517 1316 1555 καί
1346 1514 1501 1555 ἐδέοντο
1532 1515 1714 1568 orwig-‚20

229 1577 303 1621 ἅτε
331 1583 444 1633 γένος
471 1594 512 1620 τε
544 1574 663 1627 ὄντας
690 1582 764 1619 τοῦ
792 1581 1042 1630 νομοθέτου,
1073 1581 1143 1619 καί
1170 1581 1348 1631 πατέρας
1375 1575 1479 1620 εἶναι
1507 1580 1588 1619 τῶν
1615 1580 1656 1626 ἐς

228 1644 348 1698 τήνδε
378 1646 449 1685 τοῦ
488 1641 622 1697 ἥρωος
659 1641 887 1684 τελούντων
921 1646 1157 1696 θρησκείαν.
1220 1646 1429 1694 νομίζεται
1461 1644 1507 1683 δὲ
1535 1645 1657 1683 τοῦτο

229 1709 271 1751 τὸ
297 1713 410 1763 γένος
444 1708 612 1760 εὐσεβές
658 1723 699 1748 τε
727 1707 798 1748 καί
827 1705 972 1761 ἅγιον,
1003 1705 1065 1749 ὅτι
1093 1724 1135 1748 τε
1166 1710 1372 1762 προῆλθεν
1401 1710 1444 1750 ἐκ
1473 1710 1544 1761 τῆς
1572 1707 1656 1760 χώ-

322 1807 363 1841 16
399 1810 460 1841 καὶ
486 1805 540 1841 ὅδ’
568 1805 615 1845 ὥς
640 1807 663 1837 Ρ

231 1914 288 1956 gni
313 1912 413 1945 sedes
440 1917 493 1944 est
525 1911 606 1943 urbs
640 1911 735 1943 iuxta
769 1922 861 1942 unare
886 1912 952 1943 sita
969 1936 977 1950 ‚
1006 1923 1109 1956 quam
1135 1917 1282 1951 vocant,
1310 1922 1432 1955 magna
1457 1910 1658 1956 opibusque

231 1960 362 2002 vigens.
414 1958 560 1990 finitima
585 1963 637 1990 est
660 1969 700 1989 ea
722 1968 805 2000 gens
822 1960 990 2000 Aegypto,
1017 1964 1053 1990 et
1080 1959 1254 1990 Persarum
1286 1958 1572 2002 Assyriorumque
1602 1968 1657 1990 re-

232 2007 369 2049 gionem
410 2004 561 2046 attingit.
620 2014 698 2034 nam
739 2015 758 2035 a
787 2003 956 2035 Colchide
984 2009 1019 2035 et
1054 2004 1183 2035 Pharus
1210 2005 1350 2046 regione
1374 2003 1420 2035 ad
1443 2015 1536 2036 mare
1561 2003 1657 2048 quod

231 2052 422 2095 porrigitur
446 2051 483 2082 iu
512 2049 767 2091 Coelesyriam,
793 2060 901 2092 usque,
928 2050 972 2082 ud
1004 2049 1125 2081 urbem
1152 2050 1357 2082 Laodiceam
1385 2049 1524 2088 dictam,
1550 2049 1658 2082 suerit

231 2099 299 2130 iter
324 2097 457 2130 dierum
482 2096 557 2128 viro
583 2095 762 2138 expedito,
789 2095 942 2138 pedestri
971 2096 1098 2127 itinere
1134 2096 1308 2138 regionem
1339 2095 1546 2128 transeunti.
1573 2095 1657 2127 hinc

231 2143 409 2176 inferioris
442 2143 545 2174 Asiae
584 2142 685 2174 istam
714 2147 846 2185 partem
878 2142 1003 2173 scimus
1036 2142 1072 2174 in
1100 2141 1309 2174 Chersonesi
1354 2142 1496 2174 formam
1531 2140 1656 2183 redigi,

232 2189 469 2232 Arabiamque
497 2193 593 2220 extra
622 2187 737 2220 Asiam
773 2188 936 2231 relinqui.
988 2193 1040 2219 est
1075 2193 1190 2219 autem
1219 2188 1344 2219 Arabia
1371 2187 1528 2231 plurimis
1554 2187 1657 2219 arbo-

233 2236 329 2268 ribus
353 2235 550 2279 palmisque
575 2234 718 2273 consita,
746 2238 781 2265 et.
804 2233 839 2265 in
865 2233 980 2265 medio
1009 2233 1155 2265 (luorum
1176 2233 1354 2265 ssumiuum
1380 2234 1458 2272 sita,
1487 2233 1530 2265 ab
1560 2238 1656 2265 utro-

233 2293 302 2327 que
328 2281 485 2326 undique
513 2280 670 2312 alluitur.
719 2279 849 2311 fructus
870 2280 1006 2323 profert
1022 2290 1126 2322 supra
1151 2279 1290 2311 modum
1319 2286 1390 2311 tum
1416 2290 1559 2322 magnos
1585 2285 1658 2311 tum

233 2328 460 2372 multiplices.
509 2326 592 2358 hinc
615 2330 748 2358 veteres
777 2326 995 2357 occasionem
1022 2331 1199 2357 sumentes
1226 2336 1301 2357 eam
1322 2326 1471 2357 Felicem
1495 2325 1656 2370 appella-

232 2386 324 2406 vere.
372 2373 462 2406 hanc
489 2372 665 2415 regionem
689 2372 789 2403 armis
815 2372 949 2403 infestis
971 2382 1148 2413 aggressus
1177 2372 1412 2411 est'l'eiiiiies,
1437 2372 1562 2403 incolis
1587 2371 1655 2403 cri-

233 2421 319 2452 mini
345 2419 433 2452 (laus
458 2429 600 2463 operam
624 2424 765 2450 strenue
790 2423 948 2450 navatam
973 2416 1175 2456 Caddusiis,
1204 2428 1280 2449 cum
1308 2429 1365 2448 eos
1391 2417 1488 2449 bello
1515 2417 1655 2450 statuis-

237 2472 289 2498 set
313 2466 466 2499 domare.
519 2464 572 2496 bis
601 2463 759 2496 conflixit
784 2474 861 2494 cum
886 2463 1034 2495 Arabum
1065 2464 1229 2495 exercitu.
1287 2474 1435 2508 cumque
1462 2474 1522 2496 eos
1546 2464 1657 2496 victos

234 2512 314 2544 dare
341 2524 413 2544 non
438 2516 569 2556 posset,
595 2510 728 2552 legatos
754 2510 907 2548 mittens,
934 2509 1105 2542 militibus
1134 2509 1350 2553 tributoque,
1381 2509 1476 2553 quod
1502 2514 1657 2553 quotan-

232 2560 286 2590 nis
318 2558 526 2601 penderent,
552 2558 740 2600 impemtis,
767 2566 885 2600 pacem
911 2567 987 2587 cum
1006 2556 1055 2586 eis
1081 2555 1174 2587 fecit.
1226 2567 1264 2586 ea
1294 2561 1513 2598 tempestate,
1542 2555 1655 2599 prius-

233 2616 337 2648 quam
367 2606 403 2635 in
430 2604 554 2637 foedus
579 2603 751 2642 coiretur,
788 2602 937 2634 Arabum
962 2601 1066 2643 legati
1093 2601 1134 2632 ad
1162 2601 1337 2633 Temirexn
1365 2611 1542 2634 accessere
1559 2626 1567 2638 ‚
1591 2611 1656 2645 po-

233 2656 368 2682 scentes
395 2661 438 2681 ne
466 2651 639 2692 regionem
668 2648 795 2687 herois,
821 2648 880 2692 qui
909 2653 942 2680 et
971 2648 1037 2691 ipsi
1073 2646 1115 2678 de
1142 2658 1267 2688 genere
1294 2648 1504 2690 legislatoris
1531 2652 1656 2684 essent,

233 2702 365 2728 vastare
400 2701 594 2739 pergeicnh
664 2694 743 2727 huic
771 2695 922 2727 orationi
949 2693 1187 2733 adiiciebant,
1222 2699 1261 2726 ut
1293 2694 1404 2727 velint
1434 2703 1507 2726 esse
1541 2698 1655 2738 patres
