1832 3216
470 193 544 234 DE
586 194 757 234 REBUS
796 192 1052 234 TURCICIS
1090 194 1140 234 L.
1167 194 1240 234 W.
1505 186 1598 234 185

243 290 431 341 Τούτους
457 295 536 346 μὲν
565 287 695 350 ᾤχετο
734 287 866 346 ἄγων·
937 293 1170 347 Μεχμέτης
1199 293 1246 334 δὲ
1277 288 1335 341 ὥς
1363 292 1598 346 ἐβασίλευε,

123 359 282 412 χρόνου
312 360 600 412 ἐπιγινομένου
627 356 901 411 ἐστρατεύετο
941 356 1012 399 ἐπὶ
1037 356 1112 399 τὸν
1138 358 1365 414 Ἰσμαήλην
1404 359 1599 413 Σινώπης

124 423 320 479 ἡγεμόνα,
349 422 486 483 ὅτι’τῷ
499 427 662 467 Immo-sl*
678 426 800 480 φίλος
815 440 858 467 τε
880 423 1019 466 ἐδόκει
1040 422 1114 466 καὶ
1140 423 1376 479 ἐπιτήδειος
1399 425 1455 473 ὥς
1483 441 1597 477 συμ-

122 493 334 545 βαλέσθαι
364 493 406 540 ἐς
435 491 510 533 τὸν
531 494 630 533 καθ’
660 488 817 533 ἑαυτοῦ
834 492 1027 544 πόλεμον.
1084 490 1314 544 πρεσβείαν
1343 493 1390 534 δὲ
1419 493 1594 544 πέμψας

89 559 198 603 baem*
223 558 449 610 ταξάμενος
478 557 656 612 ἀπάγειν
691 556 823 613 φόρον
853 557 931 611 την
961 558 1039 598 τοῦ
1055 558 1220 610 χαλκοῦ
1247 558 1471 612 πρόσοδον,
1500 558 1593 611 (δο-

121 629 192 666 κεῖ
214 622 297 679 γὰρ
329 627 451 666 τοῦτο
483 622 527 665 τὸ
557 626 716 678 χωρίον
745 626 828 665 τῶν
858 621 960 665 κατὰ
993 621 1068 677 τήν
1095 621 1242 666 Ἀσίαν
1270 626 1416 679 φέρειν
1443 622 1588 676 μόνον,

123 685 184 732 ὧν
212 690 333 744 ἡμεῖς
360 688 495 745 ἴσμεν,
523 689 596 732 τὸν
620 690 799 745 χαλκόν)
831 688 985 732 τούτου
1020 691 1066 732 δὲ
1098 689 1176 744 την
1206 688 1418 745 πρόσοδον
1446 706 1588 744 παρα-
1602 700 1696 735 Ρ.99

121 756 224 806 δούς
250 759 306 813 τῷ
329 760 503 810 βασιλεῖ
526 759 736 814 Μεχμέτῃ
762 756 948 806 σπονδάς
975 771 1020 798 τε
1053 755 1280 811 ἐποιήσατο
1308 756 1382 797 καί
1408 754 1482 798 τὸν
1509 756 1591 797 πό-

121 826 248 879 λεμον
276 822 548 865 κατελύσατο.

66 894 109 943 10
231 888 358 944 Πρὸς
401 892 546 942 με’ντοι
586 889 686 938 τοὺς
718 889 947 938 Ουένετούς
986 891 1223 943 διενεχθεὶς
1251 889 1484 945 ἐπολέμησε
1517 891 1588 931 διά

118 971 163 998 τε
193 953 270 1011 τὴν
304 954 410 1011 πρὸς
435 955 508 998 τὸν
535 954 680 999 Ἰόνιον
708 957 857 1010 χώραν
887 958 972 997 ταῖν
998 957 1224 1008 Ουένετῶν,
1257 957 1299 1004 ἐς
1330 954 1381 1010 ἣν
1413 957 1591 1009 ἐπιπέμ-

119 1033 208 1075 ψας
232 1022 532 1077 στρατεύματα
561 1024 703 1077 ε’δηόυ.
761 1021 866 1064 ἔνθα
889 1022 938 1077 δη
963 1022 1401 1077 διαπρεσβευσάμενοι
1430 1022 1486 1072 ὥς
1514 1022 1594 1064 οὕ-

120 1089 190 1130 δὲν
220 1084 399 1143 εὕραντο
432 1088 677 1145 ἐπιτήδειον,
709 1091 942 1142 ἐπολέμουν
981 1088 1113 1146 αὐτῷ.
1173 1091 1292 1130 δοκεῖ
1318 1090 1365 1131 δὲ
1394 1092 1516 1132 τοῦτο
1543 1090 1589 1132 τὸ

118 1155 235 1209 γένος
262 1154 447 1197 παλαιόν
476 1171 519 1198 τε
548 1158 745 1210 γενέσθαι
776 1155 851 1197 καί
877 1158 962 1197 τῶν
993 1157 1102 1197 κατὰ
1131 1155 1204 1197 τὸν
1232 1155 1376 1198 Ἰόνιον
1406 1157 1591 1211 εὐγενῶν

63 1221 343 1276 15κροὶτιστον
386 1221 438 1276 δὴ
481 1219 589 1265 εἶναι
630 1222 703 1264 καί
739 1222 1044 1277 γενναιότατον.
1102 1217 1237 1280 ᾤκουν
1267 1223 1313 1264 δὲ
1344 1220 1388 1264 τὸ
1424 1225 1704 1278 πρῶτονν,78

115 1285 264 1341 χώραν
290 1287 366 1342 τὴν
405 1288 513 1343 πρὸς
553 1290 610 1346 τῷ
650 1290 776 1345 μυχῷ
804 1290 878 1330 τοῦ
905 1289 1051 1331 Ἰονιόυ
1094 1287 1178 1330 α’πὸ
1200 1285 1421 1342 Ἰλλυριῶν
1449 1287 1586 1343 καθή-

119 1367 279 1396 κουσαν
306 1353 378 1395 ἐπὶ
403 1355 607 1409 Ἰταλίαν,
633 1354 707 1396 καί
729 1352 884 1396 Ἑνετοί
911 1356 989 1406 μὲν
1018 1352 1061 1396 τὸ
1091 1353 1275 1396 παλαιὸν
1304 1354 1586 1411 ὠνομάζοντο,

115 1418 225 1471 μετὰ
258 1421 304 1462 δὲ
342 1423 478 1462 ταῦτα
514 1420 710 1463 Ουένετοί
737 1422 986 1476 ἐκλήθησαν.
1056 1419 1293 1476 ὁρμώμενοι
1324 1423 1370 1463 δὲ
1398 1422 1480 1462 α’πὸ
1508 1424 1628 1476 τῆςΒ

116 1487 310 1542 ἠπείρου,
339 1486 390 1529 τά
424 1489 503 1540 μὲν
531 1492 778 1544 προαιρέσει
800 1486 852 1528 τὰ
877 1489 924 1528 δὲ
946 1489 1017 1529 καί
1041 1488 1218 1545 α’νάγκῃ,
1248 1489 1484 1543 δῃουμένης
1512 1491 1585 1543 τῆς

57 1550 258 1608 ἳοχώρας
289 1555 452 1607 αὐτῶν,
482 1551 593 1596 ὥστε
619 1556 663 1597 ἐν
692 1556 886 1611 α’σφαλεῖ
905 1557 1068 1605 μᾶλλον
1099 1556 1329 1610 οἰκεῖσθαι,
1357 1553 1430 1596 ἐπὶ
1457 1553 1584 1608 νῆσόν

113 1634 206 1661 τινα
231 1622 443 1674 βραχεῖαν
485 1622 561 1662 καί
601 1620 816 1676 τεναγώδη
855 1619 938 1662 ἀπὸ
980 1623 1054 1674 τῆς
1085 1619 1259 1675 ἠπείρου
1289 1622 1332 1670 ἐς
1361 1623 1582 1663 πεντεκαί-

231 1737 290 1770 u.
316 1734 384 1774 τὸν
412 1749 468 1771 om
495 1739 520 1773 Ρ
617 1738 671 1774 15.
697 1738 736 1774 δὲ
757 1739 782 1773 Ρ

245 1827 378 1874 Captos
425 1829 571 1875 quidem
618 1829 726 1864 duces
773 1841 893 1863 secum
938 1830 1086 1864 trahens
1142 1829 1268 1863 abibat
1310 1830 1576 1875 Peloponneso.

111 1875 332 1910 Mechmetes
369 1876 431 1909 ubi
464 1877 510 1910 ad
550 1888 697 1922 regnum
730 1884 916 1923 promotus
959 1883 1037 1919 est,
1074 1877 1289 1911 succedente
1324 1883 1488 1923 tempore
1514 1889 1577 1910 ex-

111 1922 336 1968 peditionem
379 1925 532 1970 sumpsit
571 1931 694 1958 contra
740 1926 927 1959 Ismaelem
969 1926 1126 1970 Sinopae
1174 1925 1395 1970 principem:
1442 1926 1577 1958 amicus

113 1971 208 2003 enim
233 1976 271 2004 et
297 1971 414 2005 socius
455 1972 526 2005 fuit
550 1972 684 2013 Mosis,
724 1974 826 2006 cuius
865 1984 975 2018 opera
1010 1974 1117 2005 enixe
1143 1972 1260 2005 Moses
1287 1972 1432 2005 adiutus
1459 1978 1514 2005 est
1538 1972 1576 2005 in
1668 1983 1679 2003 ι

113 2016 213 2051 bello
237 2017 337 2063 quod
361 2020 470 2063 gessit
494 2030 574 2052 cum
599 2019 707 2053 fratre
734 2020 949 2053 Mechmete.
998 2021 1145 2053 mittens
1171 2021 1295 2065 itaque
1322 2020 1452 2052 Ismael
1476 2020 1576 2063 lega-

112 2070 182 2107 tos,
205 2065 337 2111 quibus
363 2066 550 2100 mandarat
573 2073 613 2100 ut
639 2067 806 2101 dicerent
833 2079 871 2101 se
890 2073 1054 2114 paratum
1074 2079 1150 2100 esse
1171 2069 1261 2100 aeris
1288 2066 1426 2100 reditus
1451 2077 1575 2100 omnes

111 2111 330 2154 Mechmeti‚
364 2114 511 2147 nomine
536 2114 666 2147 tributi
689 2116 894 2159 assignare,
923 2116 951 2148 si
979 2127 1099 2148 secum
1127 2126 1251 2160 pacem
1278 2114 1434 2147 fecisset.
1485 2113 1575 2146 haec

111 2160 207 2192 enim
237 2161 334 2205 regio
360 2162 465 2194 Asiae
490 2162 578 2202 sola,
605 2162 704 2207 quod
718 2164 840 2203 sciam,
864 2174 923 2195 aes
952 2163 1101 2208 profert.
1152 2173 1232 2195 cum
1261 2163 1372 2206 igitur
1397 2162 1487 2194 aeris
1516 2172 1575 2194 re·-

111 2205 207 2240 ditus
232 2207 440 2242 tradidisset
456 2207 665 2250 Mechmeti‚
690 2210 828 2242 bellum
853 2221 941 2256 pace
962 2215 1219 2243 commutatum
1244 2215 1309 2242 est.

204 2254 369 2288 Tandem
396 2255 575 2290 discordia
599 2257 696 2290 inter
721 2258 838 2303 ipsum
877 2263 914 2291 et
938 2257 1099 2291 Venetos
1128 2258 1272 2296 exarsit,
1298 2267 1369 2302 qua
1394 2255 1574 2300 impulsus

110 2301 258 2336 Venetis
282 2302 420 2336 bellum
459 2304 613 2345 indicit,
649 2311 798 2350 propter
823 2306 1006 2349 regionem
1041 2316 1134 2350 quae
1163 2305 1302 2337 lonium
1329 2308 1491 2347 spectat3
1514 2303 1574 2335 eui

111 2348 226 2382 missis
266 2350 483 2384 exercitibus
532 2352 735 2385 vastitatem
775 2353 964 2385 maximam
1010 2351 1219 2385 inducebat.
1281 2350 1410 2384 Veneti
1439 2349 1573 2392 legatis

109 2396 249 2435 missis,
288 2403 327 2430 ut
359 2397 453 2431 nihil
488 2399 598 2445 aequi
635 2399 828 2444 impetrare
862 2405 1082 2445 potuerunt,
1123 2400 1261 2431 animos
1294 2398 1332 2430 in
1367 2396 1404 2429 id
1432 2396 1572 2430 bellum

110 2454 246 2476 summa
274 2444 308 2477 vi
333 2445 582 2480 intenderunt.
641 2453 793 2492 apparet
825 2453 968 2491 gentem
1002 2448 1107 2479 istam
1142 2445 1334 2479 admodum
1362 2455 1438 2477 esse
1465 2449 1573 2477 vetu-

109 2496 214 2532 stam,
238 2496 276 2524 et
297 2492 438 2526 nobiles
465 2494 571 2527 Iones
589 2494 806 2527 fortitudine
831 2500 868 2528 et
894 2505 1068 2538 generoso
1087 2494 1215 2538 spiritu
1238 2493 1348 2535 longo
1378 2491 1571 2524 intervallo

108 2543 193 2582 post
218 2549 255 2570 se
284 2539 484 2583 reliquisse.
542 2540 801 2575 habitaverunt
838 2543 1039 2586 antiquitus
1077 2541 1260 2584 regionem
1292 2544 1498 2582 vergentem
1524 2538 1571 2571 ad

108 2585 224 2617 sinum
251 2586 436 2627 lonicum,
482 2593 518 2621 et
541 2588 585 2621 ab
616 2589 764 2632 Illyrico
794 2589 832 2622 in
862 2589 1000 2622 Italiam
1030 2592 1292 2621 excurrentem.
1343 2586 1482 2631 antiqui
1506 2597 1568 2618 eos

105 2631 240 2665 Enetos
267 2634 545 2679 nuncupabant:
582 2635 812 2681 postmodum
835 2637 970 2670 Veneti
1008 2635 1096 2668 dicti
1120 2639 1215 2667 sunt.
1266 2633 1419 2678 profecti
1446 2638 1567 2666 autem

108 2689 151 2712 ex
180 2680 396 2720 continenti,
422 2683 551 2726 partim
579 2684 790 2724 voluntate,
814 2684 947 2729 partim
977 2683 1194 2716 necessitate
1220 2680 1378 2720 subacti,
1405 2686 1444 2714 ut
1472 2692 1566 2726 quo-

107 2736 183 2759 rum
214 2728 312 2771 regio
336 2733 474 2762 vastata
497 2735 592 2764 esset
618 2730 664 2762 ab
685 2731 797 2764 Attila
821 2741 915 2774 rege,
941 2735 982 2763 ut
1006 2731 1044 2762 in
1069 2729 1203 2762 maiore
1226 2728 1419 2761 securitate
1447 2733 1568 2760 essent

106 2773 143 2807 iu
169 2779 375 2819 posterum,
414 2776 566 2810 insulam
602 2778 783 2823 quandam
821 2789 962 2823 parvam
998 2782 1033 2810 et
1065 2777 1273 2821 palustrem,
1302 2774 1496 2809 distantem
1520 2774 1566 2807 ab
