1858 3210
527 189 599 228 DE
639 189 810 229 REBUS
850 187 1102 229 TURClCiS
1142 189 1188 228 L.
1216 189 1290 228 Vi.
1520 182 1617 228 305

160 287 236 342 τὴν
276 289 352 342 τῆς
390 286 692 341 ἄρχιερατ-εάκς
734 287 982 340 ἡγεμονίαν,
1022 287 1294 341 προσημᾶναι
1329 282 1478 340 μεγάλ’
1515 282 1620 331 ἄττα

158 353 340 407 ἐσόμενα
366 351 535 410 ὁτῳοῦν,
565 350 1006 407 α’ποσημειωσάμενος,
1035 350 1141 394 ὥστε
1162 355 1390 408 καταφανῆ
1410 354 1618 406 γίνεσθαι,

159 418 335 462 ἐπειδάν
372 421 415 467 ἐς
459 418 582 473 ἔργον
623 420 737 474 ἐκβῇ.
807 413 877 460 οἷα
921 420 1064 470 μέντοι
1106 419 1434 475 προεσήμαινεν,
1465 417 1621 470 ἔξεστιν

158 481 384 542 ἁπανταχῇ
411 486 658 539 περιιόντων
681 487 764 526 τῶν
791 487 976 538 σημείων
1006 485 1154 526 αὐτοῦ.

123 554 146 590 5
268 550 388 604 Περὶ
434 552 481 592 δὲ
507 554 589 592 τῶν
622 549 729 592 κατὰ
768 549 845 603 τήν
868 551 1051 592 Ἰταλίαν
1086 551 1326 604 τυράννων,
1366 550 1418 591 οὔ
1444 549 1553 592 πάνυ
1583 567 1620 592 τι

155 615 352 670 μεγάλων
399 612 529 659 ὄντων
566 617 733 658 καί-ὕπ’
778 615 908 658 αὐτόν
946 618 1213 667 ταττομένων
1242 617 1317 657 τὸν
1347 614 1658 658 ΜεδιολάνουΒ

154 680 370 738 ἡγεμόνα,
405 679 435 740 ᾗ
481 683 530 737 δή
563 685 636 725 καί
676 683 714 725 οἱ
745 686 816 736 τῆς
845 685 1039 731 Σικελίας
1065 682 1138 724 καί
1165 684 1421 735 Καλαβριάς
1446 685 1519 724 καί
1544 683 1623 724 'Ia-

157 750 312 804 πυγίας
337 749 411 791 καί
436 752 508 804 τῆς
538 745 664 803 ἄλλης
695 748 842 804 χώρας
871 751 945 803 τῆς
973 748 1076 791 κατὰ
1108 749 1232 802 τήνδε
1262 750 1336 804 τὴν
1363 749 1511 803 χώραν
1539 745 1622 789 ὑπὸ

157 817 216 872 τῷ
244 815 534 870 Παρθενόπης
564 819 738 869 βασιλεῖ
761 814 998 865 τάττονται,
1032 816 1156 857 οὐδὲν
1186 818 1280 856 δέον
1311 817 1624 870 ἐπιμνησθῆναι

102 883 146 917 10
158 884 256 936 περὶ
281 883 434 938 αὐτῶν,
463 883 659 936 παρήσω.
718 886 923 923 πολιτεῖαι
957 884 1003 924 δὲ
1032 884 1075 930 ἐς
1113 881 1190 935 τήν
1218 881 1396 924 ’[ταλιάν
1426 883 1624 922 τελοῦσαι

156 950 263 991 εἰσίν
293 946 319 1003 ἥ
348 964 392 990 τε
435 949 652 991 Ουένετιὸν
691 947 811 998 πόλις
841 948 913 990 καί
950 947 972 1002 ἧ
1010 951 1201 990 Βονωνιά
1232 951 1306 989 καί
1338 945 1381 988 αἱ
1415 951 1622 1001 Τυρρηνι-

154 1016 228 1056 nat*
253 1013 396 1064 πόλεις
424 1011 539 1070 (ὅσαι
567 1031 612 1056 τε
639 1016 748 1070 εἰσί,
792 1017 866 1056 καί
892 1012 1099 1069 πρότερόν
1129 1030 1202 1067 μοι
1234 1013 1489 1069 δεδήλωται)
1519 1010 1624 1055 ἑπό-

152 1095 276 1134 μεναι
301 1084 354 1138 τῇ
384 1083 627 1138 Φλωρεντίᾳ
656 1081 728 1123 καί
756 1082 864 1122 κατὰ
892 1079 1026 1123 ταῦτα
1059 1080 1361 1134 διοικούμεναι,
1388 1081 1462 1123 καί
1487 1081 1513 1136 ἦ
1541 1082 1623 1123 τῶν

151 1148 338 1190 Ἰανυΐων
380 1146 508 1196 πόλις.
577 1143 705 1189 αὗται
734 1150 813 1200 μὲν
843 1143 919 1188 οὖν
949 1146 1102 1201 σχεδὸν
1143 1145 1187 1188 αἱ
1217 1149 1290 1201 τῆς
1318 1147 1496 1196 Ἰταλίας
1528 1147 1622 1202 ἦγε-

100 1216 321 1266 15μονιὀιι,
363 1213 431 1256 ὁτὲ
452 1215 532 1267 μὲν
576 1215 680 1269 πρὸς
721 1215 823 1263 τούς
857 1213 1093 1264 Ουένετοὺς
1130 1213 1197 1257 ὁτὲ
1229 1216 1275 1256 δὲ
1307 1214 1380 1256 καί
1407 1214 1514 1268 πρὸς
1545 1214 1618 1257 τὸν

154 1278 429 1334 Μεδιολάνου
472 1279 672 1334 τύραννον
721 1279 794 1334 τὴν
824 1281 1077 1334 συμμαχίαν
1106 1279 1371 1334 ποιούμεναι.
1427 1282 1622 1334 ἐπάνειμι

154 1347 201 1387 δὲ
235 1347 306 1388 ἐπὶ
331 1345 405 1388 τὸν
431 1346 636 1401 πρότερον
667 1347 802 1400 λόγον.

228 1409 421 1467 ’Έλληνες
439 1415 517 1464 μὲν
538 1412 595 1460 ὥς
618 1414 683 1454 ἐπ’
712 1411 828 1454 οἴκου
851 1414 1105 1465 ἐκομίζοντο,
1130 1416 1190 1470 τῷ
1207 1429 1249 1455 τε
1271 1417 1446 1465 βασιλεῖ
1462 1414 1620 1467 Ἀμου-
1635 1412 1662 1446 C

154 1475 258 1534 ράτῃ
286 1480 482 1531 πρέσβεις
500 1479 729 1531 πέμποντες
763 1480 904 1532 η’ξίουν
919 1494 962 1520 τε
984 1478 1099 1536 αὐτῷ
1114 1478 1283 1535 εἰρήνην
1302 1483 1520 1522 ποιεῖσθαι
1552 1479 1626 1521 καί

95 1543 141 1577 20
154 1545 397 1596 ἐμπεδῶσαι
417 1546 532 1603 αὐτῷ
551 1545 627 1593 τὰς
645 1544 840 1593 σπονδάς.
884 1545 1036 1599 ξυνέβη
1059 1547 1104 1587 δὲ
1126 1545 1175 1586 οὖ
1196 1548 1334 1602 πολλῷ
1355 1542 1531 1600 ὕστερον
1550 1544 1623 1588 τόν

151 1614 296 1663 μέντοι
330 1613 652 1652 Κωιισταντῖνον
679 1613 755 1652 τοῦ
794 1613 1004 1664 βασιλέως
1035 1610 1224 1666 α’δελφόν
1255 1612 1326 1654 ἐπὶ
1353 1609 1621 1666 Πελοπόννη-

152 1691 225 1718 σον
241 1675 499 1732 ἀφικόμενον
517 1681 778 1731 παρακαλεῖν
809 1675 880 1718 τὸν
897 1677 1087 1732 ἀδελφόν
1109 1678 1180 1719 ὲπί
1202 1676 1276 1731 τήν
1306 1680 1378 1731 τῆς
1405 1679 1625 1730 βασιλείας

152 1742 381 1798 διαδοχήν,
427 1745 499 1785 καί
539 1742 866 1795 ἀπεσπασμένον
899 1741 1130 1798 ὡρμῆσθαι
1158 1746 1238 1797 μὲν
1270 1744 1401 1786 αὐτὸν
1428 1746 1500 1786 ε’πί
1530 1747 1619 1786 Βυ-

155 1916 264 1949 etiam
291 1914 336 1948 de
361 1914 592 1960 pontificatus
627 1913 806 1958 dignitate
842 1923 967 1958 magna
1005 1911 1183 1959 quaedam
1218 1914 1433 1948 vaticinatus
1469 1921 1522 1949 est
1559 1917 1616 1949 fu-

154 1968 255 2004 tura3
282 1973 375 2008 quae
402 1963 520 1994 omnia
538 1961 683 1995 tandem
701 1966 848 1994 eventus
868 1961 1113 1993 confirmavit:
1138 1971 1220 1993 nam
1246 1973 1485 2007 quaecunque
1510 1975 1617 2008 prae-

155 2009 260 2050 dixit,
286 2009 448 2043 evenisse
491 2014 672 2049 constant,
707 2009 795 2041 licet
819 2008 955 2053 ubique
991 2008 1162 2040 miracuta
1188 2009 1273 2041 eius·
1291 2021 1358 2054 per
1381 2009 1521 2043 ltaliam
1547 2011 1615 2044 ob-

151 2058 210 2091 via
237 2057 322 2090 sint.

243 2114 296 2147 De
334 2112 463 2146 Italiae
489 2111 711 2157 principibus
744 2123 818 2144 non
844 2111 1035 2145 admodum
1073 2113 1211 2157 magnis
1237 2118 1273 2146 et
1297 2113 1462 2159 pontifici
1490 2114 1614 2147 subie-

151 2162 231 2203 ctis,
255 2161 363 2194 simul
392 2171 470 2192 cum
496 2158 696 2192 Mediolani
721 2158 834 2198 duce,
859 2169 1002 2192 necnon
1031 2158 1076 2192 de
1106 2161 1260 2204 regionis
1286 2161 1522 2206 principibus,
1548 2162 1610 2207 qui

150 2208 287 2242 subditi
320 2212 405 2242 sunt
440 2207 685 2251 Parthenopes
712 2207 806 2249 regi,
844 2205 1041 2246 disserere,
1077 2207 1250 2252 quoniam
1284 2219 1359 2240 non
1399 2214 1455 2241 est
1481 2220 1612 2254 operae

149 2257 331 2300 pretium,
356 2253 530 2288 omittam.
589 2254 743 2298 potitiae
783 2259 904 2286 autem
941 2265 1033 2298 quae
1077 2253 1123 2286 ad
1148 2255 1286 2287 ltaliam
1312 2260 1499 2299 spectant,
1526 2262 1610 2289 sunt

149 2303 371 2337 Venetorum
397 2300 491 2341 urbs,
518 2301 702 2340 Bononia,
726 2305 763 2333 et
788 2310 911 2334 omnes
938 2301 1224 2334 Tarraconenses
1251 2301 1379 2342 urbes,
1408 2313 1500 2347 quae
1528 2303 1612 2335 Flo-

150 2351 301 2383 rentiam
329 2353 540 2394 sequuntur,
567 2353 603 2381 et
629 2346 779 2380 eandem
810 2359 888 2381 cum
918 2348 994 2392 ipsa
1019 2349 1069 2380 rei
1095 2348 1264 2393 publicae
1293 2348 1443 2381 formam
1472 2355 1611 2383 tenent.

152 2398 222 2430 hnc
249 2395 341 2429 adde
370 2401 407 2428 et
430 2395 659 2428 Ianuensium
683 2394 820 2427 urbem.
871 2394 934 2427 sed
960 2393 1004 2428 de
1031 2394 1084 2428 his
1111 2406 1219 2440 supra
1245 2398 1611 2430 commemoravimus.

152 2444 188 2477 hi
220 2448 304 2476 sunt
328 2442 440 2475 totius
466 2442 607 2483 Italiae,
633 2453 723 2488 quos
748 2441 872 2482 habet,
899 2442 1136 2488 principatus,
1163 2442 1346 2475 interdum
1375 2442 1523 2477 Venetis
1552 2445 1614 2477 in-

151 2490 292 2524 terdum
318 2500 403 2522 vero
429 2488 627 2523 Mediolani
652 2489 807 2534 principi
828 2489 1003 2522 auxilium
1029 2489 1199 2522 ferentes.
1251 2494 1410 2522 revertor
1433 2502 1529 2524 nunc
1554 2503 1612 2533 en,

150 2537 246 2572 unde
272 2536 450 2579 digressus
478 2547 567 2569 sum.

246 2595 374 2628 Graeci
413 2595 450 2626 in
486 2593 639 2638 petriam
676 2603 776 2626 suam
817 2594 971 2634 reversi,
1007 2593 1193 2626 mittentes
1237 2592 1374 2636 legatos
1412 2593 1456 2626 ad
1496 2606 1612 2639 regem

149 2643 352 2676 Amuratem
369 2666 378 2680 ,
416 2639 568 2673 orabant
595 2650 729 2686 pacem,
754 2640 918 2673 volentes
951 2648 1031 2672 cum
1069 2640 1147 2684 ipso
1175 2639 1302 2672 foedus
1327 2651 1495 2685 pangere.
1545 2654 1611 2676 nec

150 2691 266 2723 multo
292 2695 373 2734 post
399 2688 656 2720 Constantinus
683 2687 921 2732 proficiscitur
938 2687 974 2719 in
994 2687 1294 2731 Peloponnesum,
1322 2687 1542 2734 fratremque
1567 2689 1612 2722 ad

152 2737 249 2782 regni
273 2735 535 2769 successionem
562 2733 749 2775 hortatum
777 2739 886 2779 atque
913 2733 996 2766 inde
1019 2733 1188 2778 navigare
1214 2732 1374 2768 instituit
1390 2733 1609 2779 Byzantium.

234 2807 564 2853 Chulcocondylas.
1310 2807 1356 2840 20
