1774 3204
232 204 328 253 484
588 213 807 254 LAonl
849 214 1353 256 CHALCOCONDYLAE

228 312 351 358 λε’σας
380 309 508 350 αὐτὸν
540 311 580 358 ἒς
609 309 773 357 ὄμιλιάν
802 310 1022 352 καθίστατο
1049 305 1147 365 όῖχρι
1175 309 1334 363 νυκτός,
1365 309 1467 362 μετὰ
1498 313 1566 363 δέ,
1600 311 1656 359 ὥς

227 375 361 416 ἀπιών
390 374 553 428 ὥρμητο
582 376 652 416 ἐπὶ
678 375 749 428 τήν
777 372 932 416 ἑαυτοῦ
967 376 1128 429 σκηνήν,
1157 374 1421 423 κελεύσαντος
1451 377 1496 417 δὲ
1525 378 1656 424 αὐτοῦ

187 439 350 494 Οταύτῃ
382 441 623 480 ἀπέκτεινεν.
680 437 827 480 τούτου
853 441 929 491 μὲν
961 440 984 493 ἦ
1015 439 1180 494 τελευτή
1207 437 1336 488 οὕτως
1366 438 1491 493 ἔσχε·
1527 444 1654 493 βασι-

225 502 320 551 λεύς
344 503 388 544 δὲ
418 503 682 556 κομιζόμενος
708 506 768 545 ἐπ’
796 502 908 544 οἴκου
935 506 1065 560 σχολῇ
1091 504 1323 558 ἐπορεύετο,
1352 507 1424 546 καί
1448 507 1518 546 ἐπὶ
1546 508 1653 560 Φερ-

225 566 301 621 ράς
335 567 583 622 ἀφικόμενος
611 567 769 622 ἡμέρας
806 584 847 608 τε
876 570 1089 623 διέτριψεν
1120 569 1276 610 adzo&-
1334 570 1543 626 ἠγγέλλετο
1569 569 1683 622 γάρ5

224 631 304 671 <ind
340 630 536 673 Παιόνων
565 631 738 685 στρατὸν
766 631 954 673 ἐλαύνειν
982 632 1148 674 ἐπιόντα
1183 633 1253 673 ε’πί
1277 635 1347 674 τόν
1367 629 1539 687 Ἵστρον.
1597 633 1653 681 ὥς

224 698 269 738 δὲ
313 696 520 750 κατάδηλα
563 699 719 750 ἐγένετο
764 698 885 738 ου’δὲν
923 692 1048 746 ὄντα,
1084 700 1220 750 παρῆν
1249 697 1288 745 ἐς
1310 697 1654 750 Ἀδριανούπολιν

221 761 270 800 οὗ
297 764 431 817 πολλῷ
469 759 672 814 ὕστερον,
705 758 792 812 ἅμα
834 757 946 814 ἄγων
991 764 1063 802 καί
1097 766 1180 802 τῶν
1219 761 1420 815 Ἑλλήνων
1448 765 1651 814 βασιλέως

217 825 401 880 ἀδελφὸν
434 825 673 881 Δημήτριον
718 825 788 866 καὶ
826 832 1012 878 γυναῖκα.
1082 825 1124 873 ἐς
1157 829 1235 876 μὲν
1270 821 1342 868 οὖν
1378 825 1430 867 τοὶ
1459 827 1651 879 βασίλεια

219 887 480 942 ἀφικόμενος,
510 892 678 941 πέμψας
714 888 786 930 τόν
821 905 864 930 τε
894 890 1094 942 εὐνοῦχον
1129 891 1337 943 α’πήγαγεν
1365 891 1444 931 ἀπὸ
1475 894 1545 944 τῆς
1572 893 1649 932 τοῦ
1665 898 1706 932 10

216 953 413 1006 ἡγεμόνος
451 953 671 1007 θυγατρός.
738 952 924 1007 Ζάγανος
966 956 1009 994 δὲ
1050 957 1339 1009 καταλειφθείς
1368 957 1411 996 ἐν
1441 959 1652 997 Πελοπον-

218 1015 348 1073 νήσῳ,
395 1016 502 1069 ἔχων
529 1022 619 1070 μετ’
655 1015 809 1065 ἑαυτοῦ
850 1018 922 1059 καί
956 1017 1001 1058 τὸ
1053 1021 1125 1071 τῆς
1156 1021 1383 1067 Θετταλίας
1411 1017 1652 1073 στράτευμα

173 1077 317 1122 Βᾶνευ
348 1085 429 1122 ταῖν
458 1080 752 1137 ἱπποδρόμων,
784 1085 958 1136 καθίστη
1000 1083 1172 1134 περιιών
1201 1083 1251 1124 τοὶ
1281 1086 1353 1137 τῆς
1384 1083 1651 1139 Πελοποννή-

217 1161 292 1186 σου
323 1145 544 1198 πράγματα
565 1178 575 1198 ,
615 1149 687 1187 καί
712 1146 870 1200 μεγάλα
917 1148 1098 1201 ἀπέφερε
1129 1149 1264 1202 κέρδη,
1294 1147 1412 1196 αὐτὸς
1441 1163 1485 1189 τε
1506 1151 1586 1194 ,καί
1611 1147 1649 1190 οἱ

215 1212 286 1263 τῆς
318 1210 634 1264 Πελοποννήσου
673 1207 872 1264 ἄρχοντες
892 1246 902 1263 ,
942 1213 1022 1252 α’πό
1050 1228 1091 1252 τε
1131 1212 1422 1265 α’νδραπόδων,
1451 1211 1478 1254 ἃ
1503 1207 1646 1268 ,κρύφα
1662 1221 1703 1255 15

217 1272 526 1329 ἀποφερόμενοι
569 1276 803 1328 διεβίβαζον
837 1278 877 1324 ἐς
910 1279 1170 1327 Θετταλίαν,
1217 1277 1287 1317 καὶ
1315 1279 1429 1332 δῶρα
1455 1279 1648 1330 εἰσπρατ-

215 1339 379 1392 τόμενος
404 1340 503 1388 τούς
529 1343 571 1381 ἑν
600 1343 650 1396 τῇ
662 1341 984 1397 Πελοποννήσῳ.
1040 1341 1110 1381 καί
1139 1342 1387 1396 Σαλμενίκην
1413 1340 1648 1385 ἐπελαύνων

215 1403 456 1457 ἐπολιόρκει,
487 1405 631 1457 λόγους
661 1421 706 1444 τε
727 1407 971 1459 προσφέρων
1002 1407 1192 1453 ἐπιεικεῖς
1221 1407 1280 1453 εἰς
1309 1405 1379 1460 τήν
1409 1408 1647 1459 παράδοσιν.

215 1464 327 1509 οὗτοι
356 1470 433 1519 μὲν
467 1469 540 1509 οὐκ
560 1468 782 1523 ἐπείθοντο,
810 1473 960 1523 συνέβη
990 1472 1035 1510 δὲ
1062 1468 1231 1523 ὕστερον
1259 1467 1381 1524 ἆσινῆ
1409 1472 1647 1520 ὑπεξελθεῖν

215 1536 260 1574 ἐκ
286 1535 355 1586 τῆς
385 1531 643 1586 α’κροπόλεως
669 1532 818 1587 ταύτης
857 1532 1058 1586 Ἑλλήνων
1103 1530 1304 1588 ἄρχοντα,
1334 1535 1524 1576 ἐνιαυτὸν
1557 1533 1702 1580 ἐπι-20

215 1599 435 1651 μείναντα,
473 1596 738 1650 γενναιότατα
765 1598 998 1639 ὑποστάντα
1036 1599 1105 1640 τὸν
1133 1598 1236 1652 πρὸς
1260 1602 1435 1652 βασιλέα
1459 1599 1646 1656 πόλεμον,

219 1658 324 1703 ὥστε
353 1661 646 1715 Μαχουμούτη
690 1664 759 1703 τὸν
791 1666 876 1703 ’τοῦ
903 1665 1106 1715 βασιλέως
1146 1664 1257 1706 οἴκου
1302 1664 1477 1719 ἡγεμόνα
1516 1664 1646 1722 φάναι

222 1846 329 1878 ganus
354 1835 507 1868 invitans
525 1836 630 1868 istum
658 1837 695 1868 in
715 1839 905 1870 tentorium
935 1850 1047 1878 suum,
1066 1851 1141 1871 cum
1162 1851 1202 1872 eo
1230 1840 1428 1873 collocutus
1453 1846 1507 1874 est
1533 1852 1644 1887 usque

222 1882 265 1912 ad
294 1887 443 1914 noctem.
491 1887 617 1925 postea
644 1889 760 1915 autem
783 1895 858 1916 curn
887 1883 1000 1917 abiret
1019 1886 1170 1918 Francus
1194 1897 1342 1930 pergens
1373 1887 1416 1919 ad
1441 1898 1542 1920 suum
1566 1893 1646 1920 ten-

222 1928 362 1966 torium,
397 1927 448 1959 ibi
473 1928 679 1960 interfectus
716 1934 769 1961 est
802 1941 820 1961 a
854 1931 1010 1973 Zagano,
1035 1943 1112 1963 cum
1146 1937 1183 1964 ut
1206 1933 1257 1964 ibi
1280 1938 1462 1966 necaretur
1486 1933 1646 1978 precibus

222 1974 455 2017 impetrasset.
505 1975 626 2006 Franci
653 1986 743 2007 mors
770 1975 848 2007 talis
874 1976 953 2008 fuit.
1003 1988 1061 2009 rex
1079 1983 1192 2010 autem
1219 1990 1282 2022 per
1312 1979 1421 2011 otium
1447 1979 1646 2012 reverteba-

222 2024 279 2051 tur
317 2019 470 2051 domum.
519 2030 595 2051 cum
630 2020 828 2053 advenisset
860 2021 1026 2062 Pherras,
1062 2023 1153 2055 diem
1192 2024 1243 2056 ibi
1273 2030 1425 2057 moratus
1454 2031 1517 2058 est.
1565 2035 1645 2057 nam

223 2066 316 2096 fama
350 2070 425 2097 erat
463 2065 647 2097 Pannones
685 2077 763 2098 cum
800 2068 955 2100 exercitu
988 2069 1154 2101 accedere
1190 2070 1232 2101 ad
1260 2071 1394 2103 Istrum.
1444 2071 1503 2103 ubi
1527 2076 1644 2104 autern

223 2111 401 2153 cognitum
429 2116 481 2143 est
505 2111 630 2143 famam
659 2111 748 2144 hanc
773 2124 848 2144 esse
875 2114 1008 2154 falsam,
1045 2126 1117 2147 non
1141 2117 1252 2148 multo
1278 2122 1358 2159 post
1382 2116 1647 2162 Adriauopolim

223 2158 413 2200 pervenit,
453 2156 583 2189 ducens
626 2168 742 2189 secum
769 2159 979 2191 Graecorum
1015 2161 1103 2203 regis
1139 2162 1281 2194 fratrem
1316 2162 1529 2195 Demetrium
1565 2174 1643 2195 cum

225 2214 347 2235 uxore.
397 2201 459 2234 ubi
486 2204 655 2246 processit
673 2204 709 2235 in
732 2204 860 2246 regiam
879 2206 1008 2245 sedem,
1036 2207 1139 2238 misso
1165 2208 1289 2240 nuntio
1310 2208 1507 2241 eunuchum
1532 2208 1646 2241 abdu-

225 2249 278 2281 xit
303 2259 322 2280 a
348 2248 508 2281 custodia
534 2249 628 2280 filiae
662 2248 771 2281 ducis.
834 2252 984 2293 Zaganus
1010 2253 1070 2295 qui
1104 2253 1246 2285 relictus
1274 2254 1387 2286 fuerat
1408 2254 1444 2287 in
1471 2254 1646 2299 Pelopon-

225 2305 323 2334 neso,
354 2294 486 2326 habens
511 2293 576 2327 sub
599 2306 634 2327 se
660 2294 864 2328 Thessaliae
891 2298 1090 2337 exercitum,
1117 2299 1295 2342 equitibus
1321 2300 1475 2343 exceptis
1500 2311 1554 2332 res
1581 2301 1648 2334 1²0-

226 2341 411 2384 loponnesi
437 2341 643 2373 circumiens
669 2342 915 2386 componebat.
942 2343 1129 2386 plurimum
1159 2345 1244 2376 lucri
1282 2350 1354 2377 tum
1385 2345 1468 2379 huic
1494 2351 1567 2379 tum
1582 2347 1648 2379 Pe·-

227 2387 418 2430 loponnesi
446 2386 594 2418 ducibus
621 2387 808 2419 accedebat
835 2387 877 2418 ab
903 2390 1097 2432 mancipiis,
1124 2401 1215 2434 quae
1241 2390 1328 2422 clam
1355 2391 1506 2425 ferentes
1529 2397 1647 2425 trans-

227 2434 394 2465 miserant
418 2433 453 2464 in
482 2433 712 2465 Thessaliam.
774 2434 1062 2477 Peloponnesiaci
1087 2446 1230 2480 quoque
1270 2437 1420 2480 plurima
1443 2449 1586 2471 munera
1609 2439 1648 2471 in

228 2481 331 2511 istum
361 2479 472 2510 virum
502 2479 746 2522 congerebant.
811 2479 1039 2512 salmenicam
1064 2492 1207 2526 quoque
1235 2485 1389 2515 exercitu
1415 2483 1648 2524 circumsedit,

230 2530 266 2556 et
301 2535 431 2568 aequas
469 2524 717 2564 condiciones,
757 2525 884 2569 quibus
919 2526 1087 2570 oppidani
1135 2527 1255 2560 urbem
1292 2528 1647 2570 dederent‚·obtulit.

229 2576 401 2602 caeterum
427 2570 595 2615 oppidani
624 2582 681 2603 eas
709 2571 935 2603 condiciones
960 2583 1133 2616 respuere,
1160 2585 1224 2606 nec
1252 2575 1292 2607 iis
1319 2574 1561 2619 obtemperare
1587 2587 1650 2610 vo-

230 2617 380 2648 luerunt.
429 2618 577 2658 contigit
604 2622 719 2649 autem
746 2617 969 2660 postmodum
1007 2624 1045 2650 ut
1070 2620 1213 2662 impune
1240 2626 1274 2652 et
1299 2621 1440 2653 illaesus
1468 2622 1580 2654 exiret
1605 2621 1649 2654 ab

231 2672 308 2693 arce
338 2662 404 2694 ista
433 2662 645 2695 Graecorum
673 2663 754 2702 dux,
780 2664 839 2708 qui
866 2675 929 2708 per
952 2675 1080 2696 annum
1114 2665 1161 2696 ibi
1191 2673 1375 2706 manserat,
1399 2677 1504 2711 quum
1530 2668 1649 2699 fortis-

232 2708 318 2740 sime
345 2714 380 2740 et
418 2709 685 2751 generosissime
721 2710 895 2742 sustineus
931 2710 1063 2743 bellum
1096 2711 1191 2756 quod
1225 2712 1267 2744 ab
1306 2723 1384 2756 rege
1422 2713 1648 2746 inferebatur.
