1884 3178
470 177 541 216 DE
586 176 757 215 REBUS
799 175 1056 217 TURClClS
1096 176 1141 215 L.
1174 178 1225 216 ΙΙ.
1497 169 1555 214 61

97 269 276 328 δρῶντες
315 274 386 315 ε’πί
428 276 576 330 σφίσιν
611 276 781 329 αυ’τοῖ’ς,
820 275 894 316 καί
934 272 996 316 ὅτι
1034 277 1115 318 τῶν
1155 275 1391 331 ὀφθαλμῶν
1419 274 1489 316 ε’πί
1515 275 1558 315 τὸ

97 335 271 392 ἄμεινον
313 341 520 383 διακέοιτο
556 340 717 395 χρόνου
746 342 1039 395 ἐπιγενομένου
1070 344 1216 398 σφίσι,
1245 344 1295 399 τῇ
1324 356 1368 383 τε
1396 343 1565 395 γυναικί

98 406 172 447 καί
197 400 394 461 ἀλληλοις
433 409 476 455 ἐς
508 405 656 461 λόγους
684 404 938 462 ἀφικόμενοι
957 440 968 459 ,
999 409 1073 450 καί
1097 424 1222 450 τινων
1252 404 1391 449 ἄλλων
1422 408 1464 456 ἐς
1488 406 1563 460 τὴν

97 471 292 527 ἑσὴγησιν
328 470 481 528 ταύτην
511 473 801 527 ἐξηγουμένων
837 473 910 514 καί
939 476 1348 528 συνεπιλαβομένων,
1380 473 1564 526 ἀπέδρα-

63 545 184 579 5σαν
211 539 255 585 ἐς
293 535 371 592 τήν
408 536 662 592 καταντικρύ
707 540 947 589 Βυζαντίου
986 539 1108 580 πόλιν
1145 541 1323 581 Γαλατᾶ
1361 541 1444 580 τῶν
1486 541 1564 581 Ἰα-

97 604 262 646 νουΐων.
319 606 516 646 ἐντεῦθεν
544 606 591 646 δὲ
619 604 820 660 ἀφίκοντο
853 603 969 659 παρὰ
998 608 1177 657 βασιλέα
1194 606 1463 661 Παιαζὴτην,
1494 606 1568 647 καί

96 668 349 725 ἀφικόμενοι
387 670 527 724 ἠξίουν
576 673 727 725 σφίσιν
765 672 1008 725 ἐπικουρίαν
1049 673 1230 724 δοθῆναι
1275 671 1332 719 ὥς
1383 673 1455 713 ἐπὶ
1488 669 1566 725 τὴν

95 732 259 777 ἑαυτῶν
291 734 414 778 πόλιν
443 734 663 788 ἐλαύνειν,
694 738 766 778 καί
797 737 961 778 ἐδέοντο
986 736 1184 790 κατάγειν
1205 739 1333 792 σφᾶς.
1392 735 1505 791 ἔλεγε
1529 738 1567 778 δ’

95 802 138 850 ἒς
170 796 273 855 ὄψιν
303 804 360 859 τῷ
386 806 562 856 βασιλεῖ’
596 801 850 860 ἀφικόμενος
881 801 1023 845 τοιάδε
1063 804 1189 856 “ἐμοι“
1214 806 1293 856 μὲν
1323 798 1410 855 οὖν,
1440 807 1565 857 βασι-

41 873 84 908 10
97 870 182 924 λεῦ,
213 871 418 927 συμφορᾷ
456 872 730 927 πεπληγμένῳ
760 870 930 927 τοιᾷδε,
961 870 1069 926 τύχῃ
1099 872 1150 926 τῇ
1177 870 1367 922 α’μείνονι
1398 871 1565 925 ἐπιτρέ-

97 945 186 987 ψας
214 933 402 987 ἐμαυτὸν
430 938 503 977 καί
517 936 603 992 θεῷ
619 935 677 992 τῷ
704 936 842 976 πάντα
863 936 1081 990 ἐφορῶντι,
1111 938 1276 988 βέλτιον
1305 934 1393 990 ἔχω
1425 937 1603 988 ε’μαυ-13

93 1002 182 1053 ποῦ’,
212 1001 290 1041 καί
310 1015 385 1053 μοι
410 1001 541 1055 χάριν
574 999 594 1041 ὃ
626 1001 789 1054 δαίμων
818 1002 1016 1042 κατέθετο
1048 1004 1124 1042 οὐκ
1156 1002 1290 1056 ἀηδῆ·
1348 999 1452 1057 ὁρᾶν
1479 1001 1562 1057 γὰρ

94 1061 176 1122 ἤδη
204 1066 300 1120 ε’μοί
324 1069 516 1108 κατέλιπε
541 1067 684 1122 βραχύ
714 1065 891 1120 πάμπαν
918 1068 991 1121 τῆς
1022 1062 1162 1120 ὅψεως
1182 1065 1454 1124 α’φελόμενος,
1486 1067 1561 1123 τήν

95 1147 142 1173 τε
169 1134 390 1186 βασιλείαν
419 1131 700 1189 ὑπισχνεῖται,
733 1135 806 1174 καί
842 1133 919 1188 την
945 1135 1168 1187 βασιλείαν
1201 1134 1442 1188 α’νήκουσαν
1467 1134 1566 1187 ἐμοὶ

40 1200 220 1252 15θέμις
253 1198 515 1242 ἀποδιδόναι.
592 1198 749 1256 ταύτην
783 1202 829 1242 δὲ
866 1199 938 1254 τὴν
978 1202 1198 1252 βασιλείαν
1227 1200 1360 1255 ἡμῶν,
1388 1197 1441 1256 ἢν
1467 1202 1565 1254 ἐμοι1

95 1267 251 1323 πείθῃ,
282 1267 388 1317 ἕξεις
418 1267 496 1306 τοῦ
539 1267 691 1307 λοιποῦ
733 1269 930 1322 χρῆσθαι
962 1263 1076 1314 ὅπως
1114 1263 1164 1308 ι’ίν
1193 1282 1261 1308 σοι
1306 1269 1468 1322 δοκοίη,
1510 1264 1562 1321 ἢν

95 1331 191 1382 ἐμοὶ
219 1329 373 1384 ταύτην
403 1329 684 1380 ἀποδεδωκώς
714 1329 814 1388 ἔσῃ,
846 1328 896 1387 ἢν
913 1330 1066 1382 ἱππέας
1081 1333 1448 1387 τετρακισχιλίους
1475 1333 1560 1386 μά-

95 1399 218 1439 λιστα
245 1394 533 1451 παρεχόμενος
561 1396 745 1439 ἕπεσθαί
764 1413 839 1450 μοι
868 1397 940 1439 ε’πί
963 1400 1098 1452 μῆνας
1131 1399 1205 1439 δύο
1234 1401 1420 1455 κελεύῃς.
1477 1399 1563 1441 εἰσί

95 1465 142 1505 δὲ
171 1464 270 1516 παρ’
299 1463 399 1518 ἡμῖν
427 1462 581 1516 σχεδὸν
609 1462 648 1505 οἱ
677 1466 755 1504 τοῦ
785 1460 934 1513 ἄστεος
963 1466 1073 1518 γένει
1100 1479 1142 1506 τε
1165 1467 1239 1506 καί
1265 1463 1434 1523 πλούτῳ
1457 1481 1560 1521 προ-

34 1537 80 1571 20
94 1531 303 1584 φέροντες,
329 1531 402 1571 καί
429 1528 587 1571 τούτων
615 1530 690 1570 οῦκ
710 1530 844 1584 ὀλίγοι
875 1530 1038 1573 εἵποντο
1064 1526 1117 1572 ἄν
1135 1546 1209 1582 μοι
1230 1530 1397 1583 ἐνθάδε,
1431 1533 1471 1574 εἰ
1499 1531 1558 1586 μή

93 1595 246 1651 εἰδειην
277 1594 322 1638 ἐν
352 1599 411 1653 τῷ
430 1592 547 1638 ἄστει
576 1594 675 1649 ἐμοὶ
698 1596 920 1651 τυγχάνειν
949 1592 1071 1647 ὄντας
1099 1599 1173 1639 καί
1201 1596 1296 1649 ἐμοί
1323 1601 1560 1652 τιμωροῦν-

92 1678 180 1716 τας,
207 1661 275 1719 ἐφ’
322 1658 345 1703 δ’
373 1679 412 1704 τι
441 1657 493 1704 ἂν
529 1665 670 1719 γνοίην
700 1663 801 1718 ἡμῖν
839 1660 1074 1718 ἐπιτήδειον
1100 1663 1289 1706 ἔσεσθαι.
1347 1662 1482 1720 φόρον
1511 1666 1598 1708 <lec

187 1781 221 1814 2.
248 1780 482 1816 διακέοιντοῒ
575 1780 631 1814 20.
657 1781 812 1817 ἐνθένδε
846 1782 887 1815 Ρε
928 1793 1006 1815 corr
1030 1782 1061 1815 H
1229 1782 1288 1815 21.
1315 1782 1555 1830 τιμωροῦντα

189 1828 234 1862 P:
260 1839 339 1862 corr
364 1829 395 1862 Η
510 1827 564 1860 22.
592 1829 748 1875 yvoffv?

94 1935 238 1970 tandem
263 1937 386 1970 oculos
414 1937 543 1970 melius
564 1936 699 1970 habere
719 1961 728 1977 ‚
756 1937 1011 1982 colloquentes
1036 1936 1132 1970 inter
1157 1947 1249 1978 sese,
1276 1942 1313 1970 et
1337 1949 1416 1970 cum
1444 1949 1554 1971 uxore

93 1983 340 2018 adiutantibus
375 1989 412 2017 et
449 1985 530 2017 aliis
568 1985 751 2028 gnaviter,
779 1985 999 2027 aufugerunt
1031 1984 1069 2016 in
1099 1984 1263 2017 Galatiae
1295 1984 1431 2024 urbem,
1461 1996 1554 2030 quae

92 2032 179 2065 Pera
206 2030 357 2073 dicitur,
382 2042 402 2064 e
433 2032 580 2076 regione
614 2031 774 2074 Byzantii
807 2032 924 2075 sitam.
989 2031 1074 2064 hinc
1099 2038 1336 2076 perrexerunt
1362 2032 1407 2065 ad
1437 2044 1555 2076 regem

93 2078 308 2119 Paiazitem‚
337 2083 481 2112 orantes
507 2079 694 2119 auxilium,
720 2090 792 2123 quo
829 2078 959 2111 muniti
984 2079 1021 2111 in
1046 2089 1146 2111 suam
1174 2085 1320 2123 possent
1348 2079 1465 2112 redire
1495 2091 1555 2112 ur·

91 2125 175 2159 bem
198 2126 406 2172 avitumque
435 2136 648 2171 recuperare
674 2137 832 2169 regnum.
883 2132 920 2158 at
945 2137 1025 2158 cum
1054 2126 1092 2158 in
1117 2132 1348 2171 conspectum
1376 2127 1465 2169 regis
1490 2138 1554 2159 ve-

91 2173 215 2214 nisset,
243 2173 365 2206 ferunt
402 2184 481 2206 eum
519 2173 628 2206 talem
670 2184 834 2205 exorsum
860 2184 935 2206 esse
970 2173 1184 2205 orationem.
1237 2179 1318 2205 “me
1344 2173 1503 2218 quidem,
1533 2185 1554 2206 o

93 2231 176 2262 rex,
204 2226 276 2253 tam
315 2220 410 2264 gravi
450 2220 656 2254 calamitate
685 2221 889 2265 perculsum
915 2231 994 2252 cum
1022 2220 1163 2252 meliori
1192 2220 1358 2254 fortunae
1397 2220 1554 2266 deoque,

93 2267 156 2312 qui
185 2268 306 2300 omnia
330 2266 450 2308 videt,
487 2267 786 2308 commendarim,
830 2267 958 2300 melius
997 2278 1096 2299 nunc
1122 2279 1228 2312 quam
1258 2268 1425 2300 fortunae
1454 2279 1556 2300 meae

92 2314 276 2358 patiantur
301 2313 430 2350 habeo.
480 2321 666 2360 praeterea
698 2314 786 2347 deus
811 2315 960 2358 gratiam
978 2314 1067 2346 mihi
1095 2315 1236 2347 rettulit
1263 2314 1359 2347 haud
1386 2315 1555 2348 iniucun-

93 2360 187 2393 dam.
237 2373 318 2394 nam
342 2372 422 2394 cum
447 2362 559 2395 visum
588 2361 676 2394 mihi
706 2367 820 2395 totum
853 2372 946 2406 pene
975 2361 1168 2402 ademerit,
1194 2362 1345 2407 reliquit
1373 2367 1492 2394 tamen
1515 2368 1555 2394 ut

93 2419 218 2452 parum
248 2419 413 2448 cernam,
449 2409 718 2454 polliceturque
753 2420 913 2452 regnum.
966 2409 1091 2454 fasque
1126 2414 1180 2442 est
1207 2414 1247 2441 ut
1274 2420 1421 2452 regnum
1455 2409 1554 2454 quod

92 2457 170 2488 iure
195 2454 240 2487 ad
265 2466 320 2488 me
347 2455 528 2500 pertinet,
566 2457 654 2489 mihi
681 2457 900 2489 restituatur.
953 2455 1021 2488 hoc
1059 2461 1179 2488 autem
1205 2467 1351 2499 regnum
1378 2461 1551 2496 nostrum,

91 2503 120 2535 si
146 2513 203 2535 me
230 2501 417 2543 audieris,
456 2503 493 2536 in
517 2509 697 2548 posterum
727 2504 912 2548 experiere
951 2502 994 2535 ad
1025 2504 1144 2535 omnia
1173 2502 1238 2535 tibi
1264 2503 1552 2547 obsequentissi-

91 2560 210 2589 mum,
247 2550 275 2582 si
309 2555 369 2582 tua
406 2561 476 2595 ope
514 2549 658 2584 adiutus
693 2550 733 2583 id
758 2561 936 2595 recepero.
988 2549 1026 2582 id
1055 2550 1210 2589 eveniet,
1240 2550 1266 2581 si
1294 2549 1380 2582 mihi
1409 2550 1551 2584 dederis

92 2597 231 2642 equites
271 2602 399 2642 quater
428 2597 550 2638 mille,
592 2609 728 2643 eosque
763 2608 819 2630 me
858 2597 962 2643 sequi
994 2597 1139 2629 iusseris
1178 2597 1362 2628 mensibus
1398 2597 1550 2631 duobus

91 2648 188 2677 stant
217 2649 336 2676 antem
377 2654 397 2676 a
437 2644 600 2689 partibus
626 2645 758 2678 nostris
799 2645 822 2677 ii
851 2646 912 2690 qui
941 2645 979 2677 in
1008 2643 1095 2676 urbe
1114 2654 1255 2697 genere
1284 2643 1419 2677 divitiis
1445 2656 1550 2689 prae·

89 2696 208 2724 stant.
249 2689 374 2723 horum
409 2702 482 2724 non
513 2692 616 2736 pauci
647 2703 704 2725 me
738 2692 1016 2731 comitarentur,
1053 2690 1124 2722 nisi
1159 2690 1282 2723 scirem
1309 2702 1370 2724 eos
1398 2692 1435 2724 in
1462 2692 1549 2725 urbe

89 2748 167 2772 mea
207 2738 350 2782 negotia
382 2749 595 2782 procurare,
634 2750 764 2785 meque
799 2737 944 2772 tandem
979 2737 1166 2770 adiuturos
1204 2738 1242 2770 in
1271 2749 1486 2784 quacunque
1514 2750 1550 2772 re
