1774 3204
1768 178 1773 187 .

243 197 339 244 488
559 203 776 244 LAONiffl
819 203 1325 246 CHALCOCONDYLAE

240 300 316 353 τὴν
342 302 483 352 χώραν
511 302 644 340 ἐθέλει
674 303 881 352 γενέσθαι,
911 304 1013 355 φέρε
1043 302 1217 342 guidam>
1248 301 1342 354 ἡμῖν
1372 303 1676 345 Φιλιππόπολιν

242 364 339 404 ἄντί
359 366 482 417 τῆσδε
514 366 584 417 τῆς
611 363 784 417 χώρας,
815 363 918 406 ὥστε
947 365 1004 420 μὴ
1038 364 1252 421 ὕπόφορον
1278 366 1387 419 ἔχειν
1417 367 1505 407 ἀλλ’
1534 366 1674 422 οἶτελῆ,

241 431 312 468 καί
333 427 582 480 χωρήσομεν
627 429 681 475 ὥς
719 433 921 484 βασιλέα,
951 430 1205 478 πιστεύοντες
1227 431 1356 472 αὐτοῦ
1386 433 1436 486 τῇ
1463 433 1672 486 ἐπιεικείᾳ.

104 501 146 533 V.
159 500 226 534 202
241 492 364 545 ὁρᾶτε
395 488 475 532 οὖν·
503 492 577 546 τήν
605 493 747 547 πόλιν,
786 492 842 542 ὥς
870 496 913 535 ἐν
943 494 1084 550 ὀχυρῷ
1116 494 1221 535 πάνυ
1253 497 1439 551 φ’κημένη
1466 498 1537 536 καί
1561 511 1671 536 κεκο-

237 559 423 611 σμημένη
451 554 602 605 ὅπλοις.
660 562 949 612 τετρακοσίους
975 562 1053 610 μὲν
1079 561 1332 614 τηλεβόλους,
1361 562 1704 614 τηλεβολίσκουςς,

237 623 283 662 δὲ
313 622 426 675 α’μφί
444 622 537 669 τούς
558 625 787 676 δισχιλίους
808 623 875 664 καί
901 621 1057 677 ἄνδρας
1096 624 1202 677 ὑπὲρ
1236 625 1534 679 τοὺςᾼμυριόυς
1558 642 1670 678 ,παρ-

235 687 345 736 «ἔχει,
388 685 443 733 ὥς
486 687 782 740 ἀσφαλέστατα
819 691 895 739 μὲν
926 689 1025 742 ἡμῖν
1054 704 1096 729 τε
1132 689 1270 737 αὐτοῖς
1317 691 1573 741 ἀμύνεσθαι,
1602 693 1674 730 καί

234 754 320 796 τοῖς
350 752 559 801 πολεμίοις
588 752 644 798 ὠς
674 751 909 804 ἐπιζήμια.”
979 755 1110 794 ταῦτα
1139 754 1323 802 α’κούσας
1353 754 1372 795 ὅ
1403 754 1670 808 ΙΡΙαχουμού-

191 821 318 866 ὓτης,
349 817 421 855 καί
451 815 594 867 ἡσθείς
622 818 730 856 πάνυ
771 822 852 864 τοῖς
881 817 1106 871 Ἰσμαὴλεω
1136 818 1289 871 λόγοις,
1320 819 1575 873 προήλαυνεν
1601 819 1671 860 ἐπὶ

230 880 490 930 βασιλέαῶς
518 880 588 920 ἑπί
614 885 663 936 τῇ
691 879 891 933 ξυμβάσει
914 885 986 935 τῆς
1013 882 1170 930 πόλεως
1202 881 1562 938 συνησθησόμενος
1589 887 1665 937 βα·
1680 897 1723 931 10

231 947 350 983 σιλεΐ.
405 945 606 995 βασιλεύς
637 948 712 997 μὲν
755 944 808 992 ὥς
839 945 1014 987 ἐπύθετο
1060 948 1208 988 ἕκαστα
1237 946 1288 989 τοὶ
1319 949 1398 988 ἀπὸ
1426 949 1664 1004 Ἰσμαήλεω,

230 1008 392 1059 ἕτοιμος
421 1004 471 1061 ἤν
506 1011 758 1051 σπένδεσθαι
799 1010 865 1064 ἐφ’
900 1008 960 1058 οἷς
1005 1013 1223 1065 προΐσχετο
1262 1013 1482 1068 Ἰσμαήλης
1525 1015 1665 1065 αἰτῶν,

229 1074 302 1112 καί
328 1073 401 1126 τήν
427 1070 477 1113 ἦε
496 1076 800 1114 Φιλιππόπολιν
826 1078 1058 1129 παρείχετο.
1118 1077 1189 1118 καί
1211 1076 1426 1132 Ἰσμαήλης
1446 1077 1663 1131 ξύμπαντα
1684 1086 1688 1093 ’

232 1135 302 1177 τὸν
331 1132 452 1188 ὄλβον
480 1139 788 1194 οἷποφερόμενος
826 1137 1078 1194 ὑπεξεχώρει
1111 1143 1155 1182 ἐκ
1196 1144 1266 1195 τῆς
1292 1140 1467 1194 πόλεως,
1505 1145 1546 1192 ἐς
1590 1142 1665 1197 τὴν

229 1198 436 1255 Εὐρώπην
462 1203 802 1255 διακομιζόμενος
847 1204 919 1246 ἐπὶ
958 1205 1033 1259 τήν
1059 1208 1206 1260 χώραν
1245 1204 1295 1260 ἢν
1334 1208 1450 1264 αὐτῷ
1477 1211 1661 1263 παρέσχε
1676 1222 1718 1255 15

228 1266 438 1318 βασιλεύς.
495 1269 680 1308 ἐνταῦθα
723 1269 778 1316 ὥς
814 1271 1024 1322 παρέλαβε
1060 1286 1102 1312 τε
1139 1270 1214 1324 τήν
1257 1272 1375 1312 πόλιν
1403 1271 1424 1312 ὁ
1453 1273 1662 1327 βασιλεύς,

229 1333 301 1370 καί
325 1329 547 1386 Ἰσμαὴλην
577 1347 621 1373 τε
669 1332 848 1385 ἔπεμπεν
896 1337 937 1382 ἐς
967 1334 1039 1389 τήν
1066 1337 1296 1391 Εὕραὶπην,
1331 1337 1425 1378 τότε
1454 1333 1663 1381 ὖῖλλαῑῧσα

231 1395 372 1449 ἐςτήν
401 1395 536 1450 ἀρχὴν
566 1398 698 1438 αὐτοῦ
731 1400 898 1440 διετέλει
927 1399 1242 1455 προσεχώρησεν
1280 1403 1431 1442 αὐτίκα
1450 1405 1517 1458 ’τῷ
1541 1402 1660 1455 βασι·

228 1463 303 1510 zet,
335 1463 405 1500 καί
431 1461 479 1514 δὴ
509 1461 581 1501 καί
610 1464 878 1519 Κοισταμώνη
911 1465 1027 1512 πόλις
1054 1466 1264 1517 εὐδαίμων
1284 1467 1438 1520 ἐρυμνή
1466 1481 1509 1508 ’τε
1536 1463 1579 1516 ἐξ
1603 1467 1657 1509 τοὶ

94 1530 129 1563 P.
146 1524 424 1576 26ομάλιστα,
457 1525 498 1573 ἐς
530 1523 581 1579 ἢν
621 1528 794 1578 γυναῖκά
826 1544 867 1568 τε
905 1529 976 1569 καί
1002 1532 1154 1577 παῖδας
1190 1531 1409 1581 ὑπεξέθετο
1435 1534 1504 1574 καί
1529 1526 1714 1583 aditis-20

226 1591 556 1644 παρεσκευάζετο
588 1593 631 1631 ἐν
660 1592 823 1648 Σινώπῃ
850 1595 1232 1649 πολιορκησόμενος.

317 1678 350 1712 5.
377 1682 627 1723 τετρακοσίοις
657 1680 727 1725 μὲν
753 1681 972 1725 τηλεβόλοις,
1014 1683 1272 1727 τηλεβολίσκοις
1309 1683 1348 1718 δὲ
1371 1683 1473 1730 ἀμφὶ
1495 1691 1571 1722 τοῖς
1594 1685 1652 1719 δι-

323 1725 476 1768 σχιλίοις
499 1726 525 1757 R
640 1726 672 1758 6.
702 1726 887 1772 ἄνδρᾶσιν
912 1729 935 1760 Ρ

224 1800 306 1832 dera
333 1803 550 1835 violavimus.
599 1805 655 1836 sin
680 1816 739 1836 rex
765 1802 867 1838 nobi's
896 1812 1086 1846 succenset,
1127 1807 1223 1850 quod
1251 1807 1442 1840 Chasanem
1470 1809 1650 1850 coluerim,

226 1859 301 1890 age,
327 1849 363 1880 in
389 1849 482 1881 hunc
513 1849 600 1882 belli
641 1852 768 1883 molem
807 1857 952 1884 avertat.
1012 1863 1092 1895 ergo
1118 1853 1147 1884 si
1175 1853 1264 1886 hanc
1291 1855 1466 1898 regionem
1493 1865 1553 1887 rex
1581 1854 1648 1888 sibi

223 1893 312 1925 tradi
338 1895 514 1937 postulat,
551 1907 612 1939 pro
647 1907 687 1928 ea
713 1897 816 1929 nobis
849 1897 982 1930 tribuat
1010 1898 1307 1943 Philippopolim:
1341 1905 1378 1932 at.
1402 1900 1474 1940 ita,
1499 1911 1545 1932 ne
1571 1911 1647 1938 eam

222 1939 456 1980 tributariam,
482 1952 599 1974 verum
640 1943 827 1975 immunem
854 1943 1064 1987 possideam.
1125 1944 1220 1988 (Iuod
1249 1946 1277 1978 si
1302 1945 1437 1986 fecerit,
1461 1945 1507 1978 ad
1530 1957 1645 1990 regem

219 1996 428 2029 pergemus,
464 1987 537 2020 eius
580 1989 751 2033 aequitati
790 1989 894 2021 fidem
928 1989 1108 2022 habentes.
1170 1990 1343 2024 videtisne
1378 2003 1482 2036 quam
1508 1993 1645 2036 egregie

221 2031 302 2063 urbs
328 2033 463 2065 munita
490 2033 536 2066 sit
578 2034 646 2066 loci
680 2041 806 2066 natura
833 2041 869 2068 et
892 2036 996 2067 armis
1030 2036 1227 2070 instructa?
1274 2037 1490 2072 bombardae
1514 2038 1552 2071 in
1575 2038 1645 2070 cir·

219 2078 314 2110 cuitu
357 2079 493 2123 positae
529 2085 610 2113 sunt
645 2080 934 2124 quadringentae.
993 2081 1232 2114 bombardarii
1266 2083 1476 2116 iaculatores
1516 2083 1645 2122 adsunt

219 2125 355 2156 circiter
378 2124 432 2156 bis
459 2125 569 2157 mille.
617 2125 727 2159 habet
753 2138 856 2170 supra
885 2127 1004 2159 decem
1028 2128 1124 2160 milia
1150 2129 1300 2161 virorum
1328 2129 1414 2161 haec
1439 2127 1532 2163 urbe.
1558 2129 1641 2162 hinc

217 2168 320 2202 datur
344 2170 446 2203 nobis
481 2183 585 2216 quam
623 2172 796 2205 tutissime
831 2173 990 2206 resistere
1024 2178 1059 2206 et
1094 2173 1212 2207 hostes
1240 2175 1442 2218 gravissime
1467 2173 1643 2208 laedere.’'

218 2214 271 2248 his
294 2215 426 2249 auditis
464 2217 706 2250 Machumetes
739 2219 930 2262 plurimum
967 2219 1161 2252 delectatus
1188 2225 1241 2252 est
1266 2220 1422 2253 Ismaelis
1451 2221 1640 2264 oratione3

218 2266 253 2294 et
277 2263 449 2305 processit
475 2262 519 2296 ad
542 2275 668 2307 regem,
695 2269 734 2296 ut
759 2264 791 2296 ei
821 2263 1067 2308 persuaderet,
1091 2266 1152 2310 qui
1179 2265 1300 2298 urbem
1323 2266 1424 2300 istam
1454 2266 1492 2300 in
1527 2266 1640 2300 dialo-

215 2318 297 2339 nem
322 2309 508 2353 acciperet.
574 2321 632 2342 rex
657 2309 716 2342 ubi
740 2310 900 2353 singula,
929 2321 1020 2354 qnae
1046 2316 1349 2344 commemorasset
1371 2313 1506 2353 Ismael,
1530 2312 1639 2347 intelss-

214 2353 314 2394 lexit,
339 2360 480 2398 paratus
507 2361 580 2388 erat
606 2366 726 2399 pacem
761 2366 971 2400 componere
1005 2356 1058 2389 his
1084 2356 1350 2391 condicionibus
1377 2369 1464 2404 quas
1483 2357 1638 2392 obtulis-

215 2405 268 2431 set
300 2401 436 2433 Ismael.
495 2401 643 2444 proinde
681 2401 954 2446 Philippopolim
994 2403 1025 2434 ei
1058 2402 1234 2446 praebuit.
1301 2404 1427 2437 Ismael
1458 2405 1638 2438 universas

214 2456 291 2478 snas
321 2457 404 2490 opes
432 2447 548 2480 ferens
574 2447 769 2480 excedebat
798 2447 902 2488 urbe,
932 2451 968 2480 et
990 2448 1279 2492 proficiscebatur
1303 2450 1340 2482 in
1374 2461 1448 2483 eam
1473 2450 1634 2495 Europae

216 2492 393 2533 regionem
423 2504 526 2537 quam
557 2494 588 2525 ei
614 2505 671 2526 rex
704 2494 946 2537 assignaverat.
996 2505 1055 2526 rex
1078 2505 1158 2526 cum
1182 2495 1220 2528 iu
1246 2494 1418 2528 dicionem
1443 2497 1636 2540 accepisset

215 2537 336 2569 urbem
376 2543 411 2570 et
437 2540 617 2571 ismaelem
659 2539 697 2571 in
735 2539 907 2584 Europam
939 2538 1156 2583 ablegasset‚
1186 2541 1291 2573 etiam
1315 2541 1452 2586 reliqua
1471 2553 1561 2587 quae
1588 2542 1634 2574 ad

213 2583 317 2616 istum
346 2585 579 2628 principatum
603 2585 842 2630 pertinebant,
867 2587 904 2619 in
940 2587 1027 2629 regis
1052 2586 1228 2619 dicionem
1256 2586 1440 2620 devenere.
1487 2593 1524 2621 et
1543 2599 1633 2628 ‚sane

211 2629 421 2662 Castamona
449 2631 529 2664 urbs
554 2638 627 2664 erat
652 2632 820 2677 opulenta
846 2638 882 2665 et
907 2631 1066 2675 inprimis
1092 2633 1237 2665 munita.
1286 2633 1322 2667 in
1354 2633 1445 2666 hanc
1470 2633 1632 2679 princeps

210 2675 443 2708 collocaverat
466 2689 615 2711 uxorem
640 2683 676 2711 et.
699 2677 843 2711 liberos.
898 2679 973 2724 ipse
999 2689 1080 2712 vero
1112 2679 1334 2713 obsidionem
1360 2679 1512 2726 Sinopae
1538 2679 1631 2713 tole-

208 2731 284 2754 rare
311 2722 467 2755 volebat.
