<?xml version="1.0" encoding="UTF-8"?>
<!DOCTYPE html PUBLIC "-//W3C//DTD XHTML 1.0 Transitional//EN"
    "http://www.w3.org/TR/xhtml1/DTD/xhtml1-transitional.dtd">
<html xmlns="http://www.w3.org/1999/xhtml" xml:lang="en" lang="en">
 <head>
  <title>
</title>
<meta http-equiv="Content-Type" content="text/html;charset=utf-8" />
  <meta name='ocr-system' content='tesseract 3.04.00' />
  <meta name='ocr-capabilities' content='ocr_page ocr_carea ocr_par ocr_line ocrx_word'/>
</head>
<body>
  <div class='ocr_page' id='page_1' title='image "./corpusscriptorum32niebuoft_0196.png"; bbox 0 0 1748 3210; ppageno 0'>
   <div class='ocr_carea' id='block_1_1' title="bbox 204 190 1291 242">
    <p class='ocr_par' dir='ltr' id='par_1_1' title="bbox 204 190 1291 242">
     <span class='ocr_line' id='line_1_1' title="bbox 204 190 1291 242; baseline 0.004 -4"><span class='ocrx_word' id='word_1_1' title='bbox 204 190 296 239; x_wconf 69' lang='lat'><strong>184</strong></span> <span class='ocrx_word' id='word_1_2' title='bbox 525 201 746 242; x_wconf 58' lang='lat' dir='ltr'><strong>morum</strong></span> <span class='ocrx_word' id='word_1_3' title='bbox 785 201 1291 242; x_wconf 80' lang='lat' dir='ltr'>CHALCOCONDYLAE</span> 
     </span>
    </p>
   </div>
   <div class='ocr_carea' id='block_1_2' title="bbox 139 297 1676 1778">
    <p class='ocr_par' dir='ltr' id='par_1_2' title="bbox 189 297 1656 807">
     <span class='ocr_line' id='line_1_2' title="bbox 195 297 1628 354; baseline 0.003 -16"><span class='ocrx_word' id='word_1_4' title='bbox 195 297 540 350; x_wconf 75' lang='grc' dir='ltr'><strong><em>ταπεμψᾰμενος,</em></strong></span> <span class='ocrx_word' id='word_1_5' title='bbox 585 297 726 352; x_wconf 70' lang='grc' dir='ltr'><strong><em>ἐπειδὴ</em></strong></span> <span class='ocrx_word' id='word_1_6' title='bbox 771 300 945 352; x_wconf 80' lang='grc' dir='ltr'><strong><em>ἐτείχισε</em></strong></span> <span class='ocrx_word' id='word_1_7' title='bbox 997 299 1068 339; x_wconf 80' lang='grc' dir='ltr'><strong><em>τὸν</em></strong></span> <span class='ocrx_word' id='word_1_8' title='bbox 1097 298 1269 350; x_wconf 84' lang='grc' dir='ltr'><strong><em>Ἰσθμόν.</em></strong></span> <span class='ocrx_word' id='word_1_9' title='bbox 1339 299 1362 340; x_wconf 79' lang='grc' dir='ltr'>ὅ</span> <span class='ocrx_word' id='word_1_10' title='bbox 1391 301 1436 342; x_wconf 75' lang='grc' dir='ltr'><strong>δὲ</strong></span> <span class='ocrx_word' id='word_1_11' title='bbox 1465 302 1628 354; x_wconf 73' lang='grc' dir='ltr'><strong><em>Ἰσθμός</em></strong></span> 
     </span>
     <span class='ocr_line' id='line_1_3' title="bbox 196 357 1626 418; baseline 0.004 -16"><span class='ocrx_word' id='word_1_12' title='bbox 196 357 313 409; x_wconf 74' lang='grc' dir='ltr'><strong><em>οὗτος</em></strong></span> <span class='ocrx_word' id='word_1_13' title='bbox 352 361 571 414; x_wconf 81' lang='grc' dir='ltr'><strong><em>ξύμπασαν</em></strong></span> <span class='ocrx_word' id='word_1_14' title='bbox 610 363 682 415; x_wconf 63' lang='grc' dir='ltr'><strong><em>τήν</em></strong></span> <span class='ocrx_word' id='word_1_15' title='bbox 724 362 1063 417; x_wconf 85' lang='grc' dir='ltr'><strong><em>Πελοπόννησον,</em></strong></span> <span class='ocrx_word' id='word_1_16' title='bbox 1105 359 1211 404; x_wconf 69' lang='grc' dir='ltr'><strong><em>ὥστε</em></strong></span> <span class='ocrx_word' id='word_1_17' title='bbox 1249 365 1372 417; x_wconf 83' lang='grc' dir='ltr'><strong><em>νῆσος</em></strong></span> <span class='ocrx_word' id='word_1_18' title='bbox 1418 368 1626 418; x_wconf 78' lang='grc' dir='ltr'><strong><em>γενέσθαι,</em></strong></span> 
     </span>
     <span class='ocr_line' id='line_1_4' title="bbox 194 426 1625 484; baseline 0.004 -18"><span class='ocrx_word' id='word_1_19' title='bbox 194 428 378 479; x_wconf 74' lang='grc' dir='ltr'><strong><em>διείργει,</em></strong></span> <span class='ocrx_word' id='word_1_20' title='bbox 404 426 447 477; x_wconf 74' lang='grc' dir='ltr'><strong>ἐς</strong></span> <span class='ocrx_word' id='word_1_21' title='bbox 476 427 553 468; x_wconf 77' lang='grc' dir='ltr'><strong><em>δὐὀ</em></strong></span> <span class='ocrx_word' id='word_1_22' title='bbox 581 429 652 468; x_wconf 80' lang='grc' dir='ltr'><em>καί</em></span> <span class='ocrx_word' id='word_1_23' title='bbox 678 427 977 480; x_wconf 78' lang='grc' dir='ltr'><strong><em>τεσσαράκοντα</em></strong></span> <span class='ocrx_word' id='word_1_24' title='bbox 996 429 1191 476; x_wconf 73' lang='grc' dir='ltr'><em>σταδίους</em></span> <span class='ocrx_word' id='word_1_25' title='bbox 1221 428 1302 468; x_wconf 88' lang='grc' dir='ltr'><strong><em>α’πὸ</em></strong></span> <span class='ocrx_word' id='word_1_26' title='bbox 1331 429 1540 484; x_wconf 76' lang='grc' dir='ltr'><strong><em>θαλάττης</em></strong></span> <span class='ocrx_word' id='word_1_27' title='bbox 1565 433 1625 480; x_wconf 75' lang='grc' dir='ltr'><strong>εἰς</strong></span> 
     </span>
     <span class='ocr_line' id='line_1_5' title="bbox 191 488 1622 545; baseline 0.002 -13"><span class='ocrx_word' id='word_1_28' title='bbox 191 491 405 532; x_wconf 79' lang='grc' dir='ltr'><strong><em>θάλατταν</em></strong></span> <span class='ocrx_word' id='word_1_29' title='bbox 429 492 642 544; x_wconf 74' lang='grc' dir='ltr'><strong><em>καθήκων,</em></strong></span> <span class='ocrx_word' id='word_1_30' title='bbox 684 496 783 533; x_wconf 75' lang='grc' dir='ltr'><strong><em>καθ’</em></strong></span> <span class='ocrx_word' id='word_1_31' title='bbox 826 491 872 532; x_wconf 79' lang='grc' dir='ltr'><strong>ὂν</strong></span> <span class='ocrx_word' id='word_1_32' title='bbox 901 491 950 544; x_wconf 76' lang='grc' dir='ltr'><em>δὴ</em></span> <span class='ocrx_word' id='word_1_33' title='bbox 990 495 1130 545; x_wconf 82' lang='grc' dir='ltr'><strong><em>χῶρον</em></strong></span> <span class='ocrx_word' id='word_1_34' title='bbox 1167 488 1423 545; x_wconf 77' lang='grc' dir='ltr'><strong><em>καίἼο-θμια</em></strong></span> <span class='ocrx_word' id='word_1_35' title='bbox 1452 496 1622 536; x_wconf 78' lang='grc' dir='ltr'><strong>ἐτελεῖτο</strong></span> 
     </span>
     <span class='ocr_line' id='line_1_6' title="bbox 190 553 1656 611; baseline 0.002 -14"><span class='ocrx_word' id='word_1_36' title='bbox 190 562 277 604; x_wconf 86' lang='grc' dir='ltr'><strong><em>τοῖς</em></strong></span> <span class='ocrx_word' id='word_1_37' title='bbox 297 553 474 609; x_wconf 69' lang='grc' dir='ltr'><strong><em>Ἕλλησι.</em></strong></span> <span class='ocrx_word' id='word_1_38' title='bbox 506 557 637 609; x_wconf 77' lang='grc' dir='ltr'><strong><em>διήκει</em></strong></span> <span class='ocrx_word' id='word_1_39' title='bbox 667 559 712 598; x_wconf 76' lang='grc' dir='ltr'><strong>δὲ</strong></span> <span class='ocrx_word' id='word_1_40' title='bbox 743 557 824 598; x_wconf 68' lang='lat' dir='ltr'><strong>cini&gt;</strong></span> <span class='ocrx_word' id='word_1_41' title='bbox 858 560 1069 611; x_wconf 76' lang='grc' dir='ltr'><strong><em>Κορίνθου</em></strong></span> <span class='ocrx_word' id='word_1_42' title='bbox 1101 556 1254 605; x_wconf 86' lang='grc' dir='ltr'><strong><em>πόλεως</em></strong></span> <span class='ocrx_word' id='word_1_43' title='bbox 1282 560 1477 606; x_wconf 81' lang='grc' dir='ltr'><strong><em>σταδίους</em></strong></span> <span class='ocrx_word' id='word_1_44' title='bbox 1502 562 1656 605; x_wconf 70' lang='grc' dir='ltr'><strong><em>πέντεξ)</em></strong></span> 
     </span>
     <span class='ocr_line' id='line_1_7' title="bbox 189 620 1620 673; baseline 0.003 -14"><span class='ocrx_word' id='word_1_45' title='bbox 189 622 261 661; x_wconf 69' lang='grc' dir='ltr'><strong><em>καί</em></strong></span> <span class='ocrx_word' id='word_1_46' title='bbox 286 620 430 662; x_wconf 84' lang='grc' dir='ltr'><strong><em>εἴκοσι.</em></strong></span> <span class='ocrx_word' id='word_1_47' title='bbox 486 623 629 662; x_wconf 78' lang='grc' dir='ltr'><strong><em>τοῦτον</em></strong></span> <span class='ocrx_word' id='word_1_48' title='bbox 670 622 736 664; x_wconf 86' lang='grc' dir='ltr'><strong><em>τὸν</em></strong></span> <span class='ocrx_word' id='word_1_49' title='bbox 760 621 925 673; x_wconf 73' lang='grc' dir='ltr'><strong><em>Ἰσθμὸν</em></strong></span> <span class='ocrx_word' id='word_1_50' title='bbox 963 622 1203 670; x_wconf 69' lang='grc' dir='ltr'><strong><em>ἐλαύνοντος</em></strong></span> <span class='ocrx_word' id='word_1_51' title='bbox 1231 621 1393 672; x_wconf 78' lang='grc' dir='ltr'><strong><em>Ξέρξεω</em></strong></span> <span class='ocrx_word' id='word_1_52' title='bbox 1431 625 1504 664; x_wconf 76' lang='grc' dir='ltr'><strong>τοῦ</strong></span> <span class='ocrx_word' id='word_1_53' title='bbox 1533 627 1620 666; x_wconf 91' lang='grc' dir='ltr'><strong><em>Δα-</em></strong></span> 
     </span>
     <span class='ocr_line' id='line_1_8' title="bbox 190 684 1619 740; baseline 0.001 -15"><span class='ocrx_word' id='word_1_54' title='bbox 190 685 303 737; x_wconf 87' lang='grc' dir='ltr'><strong><em>ρείου</em></strong></span> <span class='ocrx_word' id='word_1_55' title='bbox 331 687 402 726; x_wconf 77' lang='grc' dir='ltr'><strong>ἐπί</strong></span> <span class='ocrx_word' id='word_1_56' title='bbox 439 684 512 732; x_wconf 81' lang='grc' dir='ltr'><strong>τάς</strong></span> <span class='ocrx_word' id='word_1_57' title='bbox 537 685 719 739; x_wconf 76' lang='grc' dir='ltr'><strong><em>Ἀθήνας</em></strong></span> <span class='ocrx_word' id='word_1_58' title='bbox 751 687 1006 739; x_wconf 81' lang='grc' dir='ltr'><strong><em>ἐτειχίσαντο</em></strong></span> <span class='ocrx_word' id='word_1_59' title='bbox 1038 684 1391 740; x_wconf 78' lang='grc' dir='ltr'><strong><em>Πελοποννήσιοι,</em></strong></span> <span class='ocrx_word' id='word_1_60' title='bbox 1418 689 1619 729; x_wconf 81' lang='grc' dir='ltr'><strong><em>διακωλύ-</em></strong></span> 
     </span>
     <span class='ocr_line' id='line_1_9' title="bbox 189 749 1619 807; baseline 0.002 -17"><span class='ocrx_word' id='word_1_61' title='bbox 189 766 249 790; x_wconf 85' lang='grc' dir='ltr'><strong>ειν</strong></span> <span class='ocrx_word' id='word_1_62' title='bbox 269 749 517 802; x_wconf 83' lang='grc' dir='ltr'><strong><em>βουλόμενοι</em></strong></span> <span class='ocrx_word' id='word_1_63' title='bbox 541 751 600 804; x_wconf 77' lang='grc' dir='ltr'><strong>μη</strong></span> <span class='ocrx_word' id='word_1_64' title='bbox 629 755 825 804; x_wconf 79' lang='grc' dir='ltr'><strong><em>παριέναι</em></strong></span> <span class='ocrx_word' id='word_1_65' title='bbox 855 751 953 792; x_wconf 79' lang='grc' dir='ltr'><strong><em>εἴσω</em></strong></span> <span class='ocrx_word' id='word_1_66' title='bbox 981 753 1052 804; x_wconf 79' lang='grc' dir='ltr'><strong><em>τῆς</em></strong></span> <span class='ocrx_word' id='word_1_67' title='bbox 1071 753 1392 806; x_wconf 80' lang='grc' dir='ltr'><strong><em>Πελοποννήσου</em></strong></span> <span class='ocrx_word' id='word_1_68' title='bbox 1421 752 1491 795; x_wconf 80' lang='grc' dir='ltr'><strong><em>τὸν</em></strong></span> <span class='ocrx_word' id='word_1_69' title='bbox 1509 752 1619 807; x_wconf 85' lang='grc' dir='ltr'><strong><em>βάρ-</em></strong></span> 
     </span>
    </p>

    <p class='ocr_par' dir='ltr' id='par_1_3' title="bbox 153 814 1676 1516">
     <span class='ocr_line' id='line_1_10' title="bbox 153 814 1618 871; baseline 0.003 -17"><span class='ocrx_word' id='word_1_70' title='bbox 153 818 327 866; x_wconf 69' lang='grc' dir='ltr'><strong><em>(Ἶβαρον.</em></strong></span> <span class='ocrx_word' id='word_1_71' title='bbox 392 816 499 866; x_wconf 74' lang='grc' dir='ltr'><strong><em>μετα</em></strong></span> <span class='ocrx_word' id='word_1_72' title='bbox 549 818 595 858; x_wconf 78' lang='grc' dir='ltr'><strong>δὲ</strong></span> <span class='ocrx_word' id='word_1_73' title='bbox 627 819 763 857; x_wconf 79' lang='grc' dir='ltr'><strong><em>ταῦτα</em></strong></span> <span class='ocrx_word' id='word_1_74' title='bbox 797 814 1091 864; x_wconf 85' lang='grc' dir='ltr'><strong><em>Ἰουστινιανὸς</em></strong></span> <span class='ocrx_word' id='word_1_75' title='bbox 1125 816 1145 856; x_wconf 83' lang='grc' dir='ltr'>ὁ</span> <span class='ocrx_word' id='word_1_76' title='bbox 1174 817 1390 868; x_wconf 81' lang='grc' dir='ltr'><strong><em>Ῥωμαίων</em></strong></span> <span class='ocrx_word' id='word_1_77' title='bbox 1420 818 1618 871; x_wconf 70' lang='grc' dir='ltr'><strong><em>βασιλεύς</em></strong></span> 
     </span>
     <span class='ocr_line' id='line_1_11' title="bbox 186 877 1676 938; baseline 0.004 -19"><span class='ocrx_word' id='word_1_78' title='bbox 186 880 229 919; x_wconf 85' lang='grc' dir='ltr'><strong><em>τὸ</em></strong></span> <span class='ocrx_word' id='word_1_79' title='bbox 260 878 452 933; x_wconf 81' lang='grc' dir='ltr'><strong><em>δεύτερον</em></strong></span> <span class='ocrx_word' id='word_1_80' title='bbox 479 883 670 933; x_wconf 80' lang='grc' dir='ltr'><strong><em>ἐτείχισε.</em></strong></span> <span class='ocrx_word' id='word_1_81' title='bbox 725 881 797 922; x_wconf 86' lang='grc' dir='ltr'><em>καί</em></span> <span class='ocrx_word' id='word_1_82' title='bbox 825 877 944 928; x_wconf 69' lang='grc' dir='ltr'><strong><em>οὗτος</em></strong></span> <span class='ocrx_word' id='word_1_83' title='bbox 974 879 1041 934; x_wconf 75' lang='grc' dir='ltr'><strong>δή,</strong></span> <span class='ocrx_word' id='word_1_84' title='bbox 1072 881 1127 928; x_wconf 82' lang='grc' dir='ltr'><strong>ὥς</strong></span> <span class='ocrx_word' id='word_1_85' title='bbox 1157 884 1344 935; x_wconf 82' lang='grc' dir='ltr'><strong><em>εἰρηναῖα</em></strong></span> <span class='ocrx_word' id='word_1_86' title='bbox 1371 884 1485 938; x_wconf 68' lang='grc' dir='ltr'><strong><em>αὐτῷ</em></strong></span> <span class='ocrx_word' id='word_1_87' title='bbox 1513 882 1616 936; x_wconf 82' lang='grc' dir='ltr'><strong><em>πρὸς</em></strong></span> <span class='ocrx_word' id='word_1_88' title='bbox 1634 895 1676 926; x_wconf 82' lang='lat'><strong>10</strong></span> 
     </span>
     <span class='ocr_line' id='line_1_12' title="bbox 187 944 1618 1000; baseline 0.003 -16"><span class='ocrx_word' id='word_1_89' title='bbox 187 945 392 999; x_wconf 86' lang='grc' dir='ltr'><strong><em>Μεχμὲτη</em></strong></span> <span class='ocrx_word' id='word_1_90' title='bbox 418 944 490 986; x_wconf 84' lang='grc' dir='ltr'><strong><em>τὸν</em></strong></span> <span class='ocrx_word' id='word_1_91' title='bbox 519 945 799 1000; x_wconf 83' lang='grc' dir='ltr'><strong><em>Παιαζήτεω,</em></strong></span> <span class='ocrx_word' id='word_1_92' title='bbox 843 947 885 994; x_wconf 82' lang='grc' dir='ltr'><strong>ἐς</strong></span> <span class='ocrx_word' id='word_1_93' title='bbox 914 946 1232 998; x_wconf 79' lang='grc' dir='ltr'><strong><em>Πελοπόννησον</em></strong></span> <span class='ocrx_word' id='word_1_94' title='bbox 1270 945 1524 1000; x_wconf 70' lang='grc' dir='ltr'><strong><em>ἀφικόμενος</em></strong></span> <span class='ocrx_word' id='word_1_95' title='bbox 1552 946 1618 988; x_wconf 84' lang='grc' dir='ltr'><strong><em>τόν</em></strong></span> 
     </span>
     <span class='ocr_line' id='line_1_13' title="bbox 184 1007 1615 1066; baseline 0.003 -18"><span class='ocrx_word' id='word_1_96' title='bbox 184 1024 227 1048; x_wconf 81' lang='grc' dir='ltr'><strong>τε</strong></span> <span class='ocrx_word' id='word_1_97' title='bbox 255 1007 439 1063; x_wconf 75' lang='grc' dir='ltr'><strong><em>ἀδελφὸν</em></strong></span> <span class='ocrx_word' id='word_1_98' title='bbox 471 1011 599 1051; x_wconf 73' lang='grc' dir='ltr'><strong><em>αὐτοῦ</em></strong></span> <span class='ocrx_word' id='word_1_99' title='bbox 630 1011 806 1064; x_wconf 81' lang='grc' dir='ltr'><strong><em>καθίστη</em></strong></span> <span class='ocrx_word' id='word_1_100' title='bbox 836 1012 908 1051; x_wconf 74' lang='grc' dir='ltr'><strong>ἐπὶ</strong></span> <span class='ocrx_word' id='word_1_101' title='bbox 933 1009 1005 1062; x_wconf 78' lang='grc' dir='ltr'><strong><em>τὴν</em></strong></span> <span class='ocrx_word' id='word_1_102' title='bbox 1033 1008 1171 1063; x_wconf 71' lang='grc' dir='ltr'><strong><em>α’ρχὴν</em></strong></span> <span class='ocrx_word' id='word_1_103' title='bbox 1194 1012 1267 1064; x_wconf 81' lang='grc' dir='ltr'><strong><em>τῆς</em></strong></span> <span class='ocrx_word' id='word_1_104' title='bbox 1293 1011 1615 1066; x_wconf 80' lang='grc' dir='ltr'><strong><em>Πελοποννήσου</em></strong></span> 
     </span>
     <span class='ocr_line' id='line_1_14' title="bbox 182 1072 1616 1129; baseline 0.003 -17"><span class='ocrx_word' id='word_1_105' title='bbox 182 1075 257 1113; x_wconf 78' lang='grc' dir='ltr'><strong><em>καί</em></strong></span> <span class='ocrx_word' id='word_1_106' title='bbox 287 1073 358 1114; x_wconf 86' lang='grc' dir='ltr'><strong><em>τὸν</em></strong></span> <span class='ocrx_word' id='word_1_107' title='bbox 381 1074 546 1126; x_wconf 75' lang='grc' dir='ltr'><strong><em>Ἰσθμόν</em></strong></span> <span class='ocrx_word' id='word_1_108' title='bbox 573 1076 787 1127; x_wconf 82' lang='grc' dir='ltr'><strong><em>ἐτείχισεν,</em></strong></span> <span class='ocrx_word' id='word_1_109' title='bbox 814 1072 922 1115; x_wconf 74' lang='grc' dir='ltr'><strong><em>(ὅστε</em></strong></span> <span class='ocrx_word' id='word_1_110' title='bbox 953 1074 1066 1129; x_wconf 68' lang='grc' dir='ltr'><strong><em>αὐτῷ</em></strong></span> <span class='ocrx_word' id='word_1_111' title='bbox 1095 1074 1257 1115; x_wconf 81' lang='grc' dir='ltr'><strong><em>τελέσαι</em></strong></span> <span class='ocrx_word' id='word_1_112' title='bbox 1286 1075 1383 1122; x_wconf 76' lang='grc' dir='ltr'><strong><em>τοὺς</em></strong></span> <span class='ocrx_word' id='word_1_113' title='bbox 1402 1079 1616 1116; x_wconf 84' lang='grc' dir='ltr'><strong><em>Πελοπον·</em></strong></span> 
     </span>
     <span class='ocr_line' id='line_1_15' title="bbox 182 1137 1616 1194; baseline 0.003 -17"><span class='ocrx_word' id='word_1_114' title='bbox 182 1140 350 1191; x_wconf 88' lang='grc' dir='ltr'><strong><em>νησίους</em></strong></span> <span class='ocrx_word' id='word_1_115' title='bbox 376 1137 447 1179; x_wconf 68' lang='grc' dir='ltr'><strong>ἐπὶ</strong></span> <span class='ocrx_word' id='word_1_116' title='bbox 474 1140 546 1192; x_wconf 69' lang='grc' dir='ltr'><strong><em>τήν</em></strong></span> <span class='ocrx_word' id='word_1_117' title='bbox 571 1142 646 1180; x_wconf 83' lang='grc' dir='ltr'><strong>τοῦ</strong></span> <span class='ocrx_word' id='word_1_118' title='bbox 680 1139 853 1191; x_wconf 75' lang='grc' dir='ltr'><strong><em>Ἰσθμοῦ</em></strong></span> <span class='ocrx_word' id='word_1_119' title='bbox 882 1139 1073 1193; x_wconf 69' lang='grc' dir='ltr'><strong><em>φυλακην</em></strong></span> <span class='ocrx_word' id='word_1_120' title='bbox 1096 1139 1308 1193; x_wconf 82' lang='grc' dir='ltr'><strong><em>χρήματα.</em></strong></span> <span class='ocrx_word' id='word_1_121' title='bbox 1363 1139 1616 1194; x_wconf 78' lang='grc' dir='ltr'><strong><em>προηγόρευε</em></strong></span> 
     </span>
     <span class='ocr_line' id='line_1_16' title="bbox 180 1197 1675 1256; baseline 0.003 -14"><span class='ocrx_word' id='word_1_122' title='bbox 180 1205 260 1253; x_wconf 84' lang='grc' dir='ltr'><strong>μὲν</strong></span> <span class='ocrx_word' id='word_1_123' title='bbox 301 1197 374 1244; x_wconf 73' lang='grc' dir='ltr'><strong><em>οὖν</em></strong></span> <span class='ocrx_word' id='word_1_124' title='bbox 402 1205 443 1251; x_wconf 84' lang='grc' dir='ltr'><strong>ἐς</strong></span> <span class='ocrx_word' id='word_1_125' title='bbox 481 1205 552 1245; x_wconf 83' lang='grc' dir='ltr'><strong><em>τὸν</em></strong></span> <span class='ocrx_word' id='word_1_126' title='bbox 588 1204 755 1256; x_wconf 76' lang='grc' dir='ltr'><strong><em>Ἰσθμὸν</em></strong></span> <span class='ocrx_word' id='word_1_127' title='bbox 794 1207 1093 1256; x_wconf 77' lang='grc' dir='ltr'><strong><em>συλλέγεσθαι·</em></strong></span> <span class='ocrx_word' id='word_1_128' title='bbox 1162 1202 1199 1244; x_wconf 84' lang='grc' dir='ltr'><strong><em>οἶ</em></strong></span> <span class='ocrx_word' id='word_1_129' title='bbox 1231 1205 1277 1244; x_wconf 77' lang='grc' dir='ltr'><strong>δὲ</strong></span> <span class='ocrx_word' id='word_1_130' title='bbox 1306 1205 1520 1246; x_wconf 78' lang='grc' dir='ltr'><strong><em>ἐπείθοντο</em></strong></span> <span class='ocrx_word' id='word_1_131' title='bbox 1547 1206 1675 1256; x_wconf 61' lang='grc' dir='ltr'><strong><em>καίιξ)</em></strong></span> 
     </span>
     <span class='ocr_line' id='line_1_17' title="bbox 181 1265 1619 1322; baseline 0.001 -15"><span class='ocrx_word' id='word_1_132' title='bbox 181 1271 478 1320; x_wconf 79' lang='grc' dir='ltr'><strong><em>συλλεχθέντες</em></strong></span> <span class='ocrx_word' id='word_1_133' title='bbox 511 1269 737 1321; x_wconf 81' lang='grc' dir='ltr'><strong><em>ἐτείχιζον,</em></strong></span> <span class='ocrx_word' id='word_1_134' title='bbox 779 1269 1113 1320; x_wconf 85' lang='grc' dir='ltr'><strong><em>συμβαλλόμενος</em></strong></span> <span class='ocrx_word' id='word_1_135' title='bbox 1154 1269 1324 1316; x_wconf 76' lang='grc' dir='ltr'><strong><em>ἕκαστος</em></strong></span> <span class='ocrx_word' id='word_1_136' title='bbox 1363 1268 1439 1322; x_wconf 78' lang='grc' dir='ltr'><strong><em>τῆν</em></strong></span> <span class='ocrx_word' id='word_1_137' title='bbox 1466 1265 1619 1310; x_wconf 72' lang='grc' dir='ltr'><strong><em>ἑαυτοῦ</em></strong></span> 
     </span>
     <span class='ocr_line' id='line_1_18' title="bbox 185 1328 1618 1386; baseline 0.001 -14"><span class='ocrx_word' id='word_1_138' title='bbox 185 1332 378 1384; x_wconf 75' lang='grc' dir='ltr'><strong><em>δύναμιν.</em></strong></span> <span class='ocrx_word' id='word_1_139' title='bbox 445 1331 579 1374; x_wconf 77' lang='grc' dir='ltr'><strong><em>ἐπείτε</em></strong></span> <span class='ocrx_word' id='word_1_140' title='bbox 619 1333 668 1386; x_wconf 73' lang='grc' dir='ltr'><strong>δη</strong></span> <span class='ocrx_word' id='word_1_141' title='bbox 712 1336 755 1381; x_wconf 82' lang='grc' dir='ltr'><strong>ἐς</strong></span> <span class='ocrx_word' id='word_1_142' title='bbox 792 1336 906 1381; x_wconf 82' lang='grc' dir='ltr'><strong><em>τέλος</em></strong></span> <span class='ocrx_word' id='word_1_143' title='bbox 949 1328 1074 1386; x_wconf 69' lang='grc' dir='ltr'><strong><em>ἤγαγε</em></strong></span> <span class='ocrx_word' id='word_1_144' title='bbox 1110 1331 1154 1374; x_wconf 83' lang='grc' dir='ltr'><strong><em>τὸ</em></strong></span> <span class='ocrx_word' id='word_1_145' title='bbox 1182 1334 1407 1386; x_wconf 82' lang='grc' dir='ltr'><strong><em>τείχισμα,</em></strong></span> <span class='ocrx_word' id='word_1_146' title='bbox 1436 1335 1618 1375; x_wconf 76' lang='grc' dir='ltr'><strong><em>ἐνταῦθα</em></strong></span> 
     </span>
     <span class='ocr_line' id='line_1_19' title="bbox 182 1394 1619 1451; baseline 0.001 -14"><span class='ocrx_word' id='word_1_147' title='bbox 182 1397 462 1450; x_wconf 81' lang='grc' dir='ltr'><strong><em>συλλαμβάνει</em></strong></span> <span class='ocrx_word' id='word_1_148' title='bbox 509 1398 607 1446; x_wconf 77' lang='grc' dir='ltr'><strong>τούς</strong></span> <span class='ocrx_word' id='word_1_149' title='bbox 637 1401 980 1451; x_wconf 84' lang='grc' dir='ltr'><strong><em>Πελοποννησίων</em></strong></span> <span class='ocrx_word' id='word_1_150' title='bbox 1017 1394 1244 1451; x_wconf 75' lang='grc' dir='ltr'><strong><em>ἄρχοντας,</em></strong></span> <span class='ocrx_word' id='word_1_151' title='bbox 1275 1398 1318 1439; x_wconf 76' lang='grc' dir='ltr'><strong><em>οἳ</em></strong></span> <span class='ocrx_word' id='word_1_152' title='bbox 1339 1399 1471 1440; x_wconf 74' lang='grc' dir='ltr'><strong><em>πολύν</em></strong></span> <span class='ocrx_word' id='word_1_153' title='bbox 1499 1401 1619 1440; x_wconf 80' lang='grc' dir='ltr'><strong><em>κατέ-</em></strong></span> 
     </span>
     <span class='ocr_line' id='line_1_20' title="bbox 181 1461 1618 1516; baseline 0.002 -15"><span class='ocrx_word' id='word_1_154' title='bbox 181 1476 326 1514; x_wconf 88' lang='grc' dir='ltr'><strong><em>χοντες</em></strong></span> <span class='ocrx_word' id='word_1_155' title='bbox 350 1461 502 1515; x_wconf 85' lang='grc' dir='ltr'><strong><em>χρόνον</em></strong></span> <span class='ocrx_word' id='word_1_156' title='bbox 529 1464 604 1516; x_wconf 77' lang='grc' dir='ltr'><strong><em>τὴν</em></strong></span> <span class='ocrx_word' id='word_1_157' title='bbox 629 1462 774 1516; x_wconf 83' lang='grc' dir='ltr'><strong><em>χώραν</em></strong></span> <span class='ocrx_word' id='word_1_158' title='bbox 801 1464 921 1504; x_wconf 75' lang='grc' dir='ltr'><strong><em>οὐδέν</em></strong></span> <span class='ocrx_word' id='word_1_159' title='bbox 949 1479 987 1504; x_wconf 92' lang='grc' dir='ltr'><strong>τι</strong></span> <span class='ocrx_word' id='word_1_160' title='bbox 1026 1462 1133 1503; x_wconf 77' lang='grc' dir='ltr'><strong><em>πάνυ</em></strong></span> <span class='ocrx_word' id='word_1_161' title='bbox 1164 1465 1387 1504; x_wconf 74' lang='grc' dir='ltr'><strong><em>πείθεσθαι</em></strong></span> <span class='ocrx_word' id='word_1_162' title='bbox 1415 1469 1499 1511; x_wconf 86' lang='grc' dir='ltr'><strong><em>τοῖς</em></strong></span> <span class='ocrx_word' id='word_1_163' title='bbox 1524 1462 1618 1504; x_wconf 89' lang='grc' dir='ltr'><strong>Ἑλ-</strong></span> 
     </span>
    </p>

    <p class='ocr_par' dir='ltr' id='par_1_4' title="bbox 139 1524 1674 1778">
     <span class='ocr_line' id='line_1_21' title="bbox 139 1524 1674 1582; baseline 0.003 -17"><span class='ocrx_word' id='word_1_164' title='bbox 139 1524 315 1579; x_wconf 73' lang='grc' dir='ltr'><strong><em>Βλήνων</em></strong></span> <span class='ocrx_word' id='word_1_165' title='bbox 349 1526 523 1581; x_wconf 80' lang='grc' dir='ltr'><strong><em>ἡγεμόσι</em></strong></span> <span class='ocrx_word' id='word_1_166' title='bbox 550 1527 780 1581; x_wconf 78' lang='grc' dir='ltr'><strong><em>βούλοιντο,</em></strong></span> <span class='ocrx_word' id='word_1_167' title='bbox 813 1524 888 1568; x_wconf 81' lang='grc' dir='ltr'><strong>ὅτι</strong></span> <span class='ocrx_word' id='word_1_168' title='bbox 920 1527 976 1581; x_wconf 71' lang='grc' dir='ltr'><strong>μῆ</strong></span> <span class='ocrx_word' id='word_1_169' title='bbox 1008 1530 1152 1582; x_wconf 86' lang='grc' dir='ltr'><strong><em>σφίσιν</em></strong></span> <span class='ocrx_word' id='word_1_170' title='bbox 1185 1528 1324 1576; x_wconf 69' lang='grc' dir='ltr'><strong><em>αὐτοῖς</em></strong></span> <span class='ocrx_word' id='word_1_171' title='bbox 1351 1529 1498 1569; x_wconf 77' lang='grc' dir='ltr'><strong><em>δοκοῦν</em></strong></span> <span class='ocrx_word' id='word_1_172' title='bbox 1529 1526 1613 1570; x_wconf 81' lang='grc' dir='ltr'><strong><em>ἔστι</em></strong></span> <span class='ocrx_word' id='word_1_173' title='bbox 1626 1545 1674 1578; x_wconf 82' lang='lat'><strong>20</strong></span> 
     </span>
     <span class='ocr_line' id='line_1_22' title="bbox 181 1591 1614 1646; baseline 0 -16"><span class='ocrx_word' id='word_1_174' title='bbox 181 1607 218 1631; x_wconf 80' lang='grc' dir='ltr'><strong>τι</strong></span> <span class='ocrx_word' id='word_1_175' title='bbox 251 1593 430 1646; x_wconf 85' lang='grc' dir='ltr'><strong><em>ω’φελεῖν</em></strong></span> <span class='ocrx_word' id='word_1_176' title='bbox 458 1593 623 1641; x_wconf 66' lang='grc' dir='ltr'><strong><em>αὐτούς.</em></strong></span> <span class='ocrx_word' id='word_1_177' title='bbox 692 1592 782 1634; x_wconf 84' lang='grc' dir='ltr'><strong><em>τότε</em></strong></span> <span class='ocrx_word' id='word_1_178' title='bbox 823 1595 900 1644; x_wconf 79' lang='grc' dir='ltr'><strong>μὲν</strong></span> <span class='ocrx_word' id='word_1_179' title='bbox 941 1591 990 1646; x_wconf 72' lang='grc' dir='ltr'><strong>δη</strong></span> <span class='ocrx_word' id='word_1_180' title='bbox 1025 1592 1244 1645; x_wconf 79' lang='grc' dir='ltr'><strong><em>συλλαβών</em></strong></span> <span class='ocrx_word' id='word_1_181' title='bbox 1276 1592 1444 1640; x_wconf 73' lang='grc' dir='ltr'><strong><em>τούτους</em></strong></span> <span class='ocrx_word' id='word_1_182' title='bbox 1473 1592 1614 1645; x_wconf 78' lang='grc' dir='ltr'><strong><em>ἑκομί..</em></strong></span> 
     </span>
     <span class='ocr_line' id='line_1_23' title="bbox 183 1655 1615 1712; baseline 0.003 -16"><span class='ocrx_word' id='word_1_183' title='bbox 183 1658 275 1706; x_wconf 82' lang='grc' dir='ltr'><strong><em>ζετο</em></strong></span> <span class='ocrx_word' id='word_1_184' title='bbox 329 1655 398 1698; x_wconf 72' lang='grc' dir='ltr'><strong>ἐπὶ</strong></span> <span class='ocrx_word' id='word_1_185' title='bbox 435 1656 691 1711; x_wconf 76' lang='grc' dir='ltr'><strong><em>Βυζάντιον,</em></strong></span> <span class='ocrx_word' id='word_1_186' title='bbox 742 1656 851 1711; x_wconf 79' lang='grc' dir='ltr'><strong><em>ἔχων</em></strong></span> <span class='ocrx_word' id='word_1_187' title='bbox 899 1659 970 1698; x_wconf 82' lang='grc' dir='ltr'>καί</span> <span class='ocrx_word' id='word_1_188' title='bbox 1015 1655 1112 1705; x_wconf 80' lang='grc' dir='ltr'><strong>τούς</strong></span> <span class='ocrx_word' id='word_1_189' title='bbox 1159 1658 1520 1712; x_wconf 83' lang='grc' dir='ltr'><strong><em>Πελοποννησίους</em></strong></span> <span class='ocrx_word' id='word_1_190' title='bbox 1571 1661 1615 1700; x_wconf 79' lang='grc' dir='ltr'><strong>ἐν</strong></span> 
     </span>
     <span class='ocr_line' id='line_1_24' title="bbox 185 1725 366 1778; baseline 0 -16"><span class='ocrx_word' id='word_1_191' title='bbox 185 1725 366 1778; x_wconf 78' lang='grc' dir='ltr'><strong><em>φυλακῇ.</em></strong></span> 
     </span>
    </p>
   </div>
   <div class='ocr_carea' id='block_1_3' title="bbox 180 1921 1616 2705">
    <p class='ocr_par' dir='ltr' id='par_1_5' title="bbox 180 1921 1616 2705">
     <span class='ocr_line' id='line_1_25' title="bbox 185 1921 1616 1968; baseline 0.001 -15"><span class='ocrx_word' id='word_1_192' title='bbox 185 1921 338 1955; x_wconf 78' lang='lat' dir='ltr'>Isthmus</span> <span class='ocrx_word' id='word_1_193' title='bbox 377 1923 573 1955; x_wconf 85' lang='lat' dir='ltr'><strong>universam</strong></span> <span class='ocrx_word' id='word_1_194' title='bbox 599 1924 906 1968; x_wconf 81' lang='lat' dir='ltr'><strong>Peloponnesum,</strong></span> <span class='ocrx_word' id='word_1_195' title='bbox 942 1929 981 1956; x_wconf 87' lang='lat' dir='ltr'><strong>ut</strong></span> <span class='ocrx_word' id='word_1_196' title='bbox 1012 1925 1048 1956; x_wconf 87' lang='lat' dir='ltr'><strong>in</strong></span> <span class='ocrx_word' id='word_1_197' title='bbox 1073 1924 1211 1956; x_wconf 84' lang='lat' dir='ltr'><strong>insulae</strong></span> <span class='ocrx_word' id='word_1_198' title='bbox 1253 1923 1400 1956; x_wconf 81' lang='lat' dir='ltr'><strong>formam</strong></span> <span class='ocrx_word' id='word_1_199' title='bbox 1426 1922 1616 1966; x_wconf 78' lang='lat' dir='ltr'><strong>redigatur,</strong></span> 
     </span>
     <span class='ocr_line' id='line_1_26' title="bbox 187 1968 1615 2014; baseline 0.001 -14"><span class='ocrx_word' id='word_1_200' title='bbox 187 1968 382 2009; x_wconf 86' lang='lat' dir='ltr'>concludit,</span> <span class='ocrx_word' id='word_1_201' title='bbox 410 1969 603 2002; x_wconf 82' lang='lat' dir='ltr'><strong>extendens</strong></span> <span class='ocrx_word' id='word_1_202' title='bbox 628 1982 664 2002; x_wconf 89' lang='lat' dir='ltr'><strong>se</strong></span> <span class='ocrx_word' id='word_1_203' title='bbox 683 1982 701 2001; x_wconf 85' lang='lat' dir='ltr'>a</span> <span class='ocrx_word' id='word_1_204' title='bbox 734 1972 821 2002; x_wconf 83' lang='lat' dir='ltr'><strong>mari</strong></span> <span class='ocrx_word' id='word_1_205' title='bbox 848 1971 885 2002; x_wconf 92' lang='lat' dir='ltr'><strong>in</strong></span> <span class='ocrx_word' id='word_1_206' title='bbox 907 1981 1001 2002; x_wconf 82' lang='lat' dir='ltr'><strong>mare</strong></span> <span class='ocrx_word' id='word_1_207' title='bbox 1017 1995 1026 2010; x_wconf 87' lang='lat'><em>‚</em></span> <span class='ocrx_word' id='word_1_208' title='bbox 1060 1981 1131 2014; x_wconf 90' lang='lat' dir='ltr'><strong>quo</strong></span> <span class='ocrx_word' id='word_1_209' title='bbox 1157 1970 1272 2013; x_wconf 83' lang='lat' dir='ltr'><strong>spatio</strong></span> <span class='ocrx_word' id='word_1_210' title='bbox 1297 1969 1433 2012; x_wconf 82' lang='lat' dir='ltr'><strong>colligit</strong></span> <span class='ocrx_word' id='word_1_211' title='bbox 1459 1968 1615 2013; x_wconf 75' lang='lat' dir='ltr'><strong>quadra-</strong></span> 
     </span>
     <span class='ocr_line' id='line_1_27' title="bbox 186 2014 1612 2058; baseline 0.001 -12"><span class='ocrx_word' id='word_1_212' title='bbox 186 2015 280 2058; x_wconf 82' lang='lat' dir='ltr'>ginta</span> <span class='ocrx_word' id='word_1_213' title='bbox 308 2014 379 2047; x_wconf 90' lang='lat' dir='ltr'><strong>duo</strong></span> <span class='ocrx_word' id='word_1_214' title='bbox 404 2015 526 2048; x_wconf 84' lang='lat' dir='ltr'><strong>stadia.</strong></span> <span class='ocrx_word' id='word_1_215' title='bbox 575 2027 618 2048; x_wconf 87' lang='lat' dir='ltr'><strong>eo</strong></span> <span class='ocrx_word' id='word_1_216' title='bbox 646 2017 712 2047; x_wconf 89' lang='lat' dir='ltr'><strong>loci</strong></span> <span class='ocrx_word' id='word_1_217' title='bbox 732 2016 875 2048; x_wconf 86' lang='lat' dir='ltr'><strong>Isthmia</strong></span> <span class='ocrx_word' id='word_1_218' title='bbox 903 2016 1080 2048; x_wconf 85' lang='lat' dir='ltr'><strong>celebrare</strong></span> <span class='ocrx_word' id='word_1_219' title='bbox 1106 2016 1231 2049; x_wconf 82' lang='lat' dir='ltr'><strong>Graeci</strong></span> <span class='ocrx_word' id='word_1_220' title='bbox 1255 2020 1524 2048; x_wconf 80' lang='lat' dir='ltr'><strong>consueverunt.</strong></span> <span class='ocrx_word' id='word_1_221' title='bbox 1548 2026 1612 2048; x_wconf 70' lang='lat' dir='ltr'><strong>ex-</strong></span> 
     </span>
     <span class='ocr_line' id='line_1_28' title="bbox 188 2061 1612 2106; baseline 0.001 -14"><span class='ocrx_word' id='word_1_222' title='bbox 188 2062 304 2093; x_wconf 91' lang='lat' dir='ltr'><strong>tendit</strong></span> <span class='ocrx_word' id='word_1_223' title='bbox 329 2072 366 2093; x_wconf 88' lang='lat' dir='ltr'><strong>se</strong></span> <span class='ocrx_word' id='word_1_224' title='bbox 394 2062 438 2093; x_wconf 86' lang='lat' dir='ltr'><strong>ab</strong></span> <span class='ocrx_word' id='word_1_225' title='bbox 463 2062 550 2094; x_wconf 86' lang='lat' dir='ltr'><strong>urbe</strong></span> <span class='ocrx_word' id='word_1_226' title='bbox 575 2062 745 2094; x_wconf 83' lang='lat' dir='ltr'>Corintho</span> <span class='ocrx_word' id='word_1_227' title='bbox 771 2062 815 2094; x_wconf 79' lang='lat' dir='ltr'><strong>ad</strong></span> <span class='ocrx_word' id='word_1_228' title='bbox 839 2062 953 2094; x_wconf 83' lang='lat' dir='ltr'><strong>stadia</strong></span> <span class='ocrx_word' id='word_1_229' title='bbox 977 2062 1100 2105; x_wconf 85' lang='lat' dir='ltr'><strong>viginti</strong></span> <span class='ocrx_word' id='word_1_230' title='bbox 1133 2062 1306 2106; x_wconf 84' lang='lat' dir='ltr'><strong>quinque.</strong></span> <span class='ocrx_word' id='word_1_231' title='bbox 1354 2061 1524 2094; x_wconf 77' lang='lat' dir='ltr'><strong>Isthmum</strong></span> <span class='ocrx_word' id='word_1_232' title='bbox 1547 2072 1612 2093; x_wconf 79' lang='lat' dir='ltr'><strong>au-</strong></span> 
     </span>
     <span class='ocr_line' id='line_1_29' title="bbox 186 2106 1611 2152; baseline 0.001 -13"><span class='ocrx_word' id='word_1_233' title='bbox 186 2113 259 2139; x_wconf 86' lang='lat' dir='ltr'><strong>tem</strong></span> <span class='ocrx_word' id='word_1_234' title='bbox 302 2107 491 2140; x_wconf 76' lang='lat' dir='ltr'><strong>accedente</strong></span> <span class='ocrx_word' id='word_1_235' title='bbox 528 2119 607 2139; x_wconf 83' lang='lat' dir='ltr'><strong>cum</strong></span> <span class='ocrx_word' id='word_1_236' title='bbox 642 2108 833 2140; x_wconf 81' lang='lat' dir='ltr'><strong>hostilibus</strong></span> <span class='ocrx_word' id='word_1_237' title='bbox 859 2109 970 2152; x_wconf 87' lang='lat' dir='ltr'><strong>copiis</strong></span> <span class='ocrx_word' id='word_1_238' title='bbox 994 2109 1105 2140; x_wconf 62' lang='lat' dir='ltr'><strong>Xerxe</strong></span> <span class='ocrx_word' id='word_1_239' title='bbox 1132 2108 1224 2139; x_wconf 83' lang='lat' dir='ltr'><strong>Darii</strong></span> <span class='ocrx_word' id='word_1_240' title='bbox 1257 2108 1330 2139; x_wconf 82' lang='lat' dir='ltr'><strong>filio</strong></span> <span class='ocrx_word' id='word_1_241' title='bbox 1359 2112 1478 2140; x_wconf 77' lang='lat' dir='ltr'><strong>contra</strong></span> <span class='ocrx_word' id='word_1_242' title='bbox 1502 2106 1611 2140; x_wconf 83' lang='lat' dir='ltr'><strong>Athe-</strong></span> 
     </span>
     <span class='ocr_line' id='line_1_30' title="bbox 185 2153 1612 2199; baseline -0.001 -13"><span class='ocrx_word' id='word_1_243' title='bbox 185 2154 338 2193; x_wconf 71' lang='lat' dir='ltr'><strong>aienses,</strong></span> <span class='ocrx_word' id='word_1_244' title='bbox 360 2164 460 2186; x_wconf 85' lang='lat' dir='ltr'><strong>muro</strong></span> <span class='ocrx_word' id='word_1_245' title='bbox 492 2155 664 2198; x_wconf 82' lang='lat' dir='ltr'>complexi</span> <span class='ocrx_word' id='word_1_246' title='bbox 691 2160 773 2186; x_wconf 88' lang='lat' dir='ltr'><strong>sunt</strong></span> <span class='ocrx_word' id='word_1_247' title='bbox 799 2155 1071 2199; x_wconf 85' lang='lat' dir='ltr'><strong>Peloponnesii,</strong></span> <span class='ocrx_word' id='word_1_248' title='bbox 1105 2165 1220 2186; x_wconf 83' lang='lat' dir='ltr'><strong>arcere</strong></span> <span class='ocrx_word' id='word_1_249' title='bbox 1244 2154 1405 2186; x_wconf 88' lang='lat' dir='ltr'><strong>volentes</strong></span> <span class='ocrx_word' id='word_1_250' title='bbox 1426 2153 1612 2185; x_wconf 80' lang='lat' dir='ltr'><strong>barbarum</strong></span> 
     </span>
     <span class='ocr_line' id='line_1_31' title="bbox 186 2199 1612 2244; baseline -0.001 -12"><span class='ocrx_word' id='word_1_251' title='bbox 186 2201 423 2244; x_wconf 84' lang='lat' dir='ltr'><strong>Peloponnesi</strong></span> <span class='ocrx_word' id='word_1_252' title='bbox 449 2211 599 2232; x_wconf 89' lang='lat' dir='ltr'><strong>accessu.</strong></span> <span class='ocrx_word' id='word_1_253' title='bbox 649 2206 772 2244; x_wconf 86' lang='lat' dir='ltr'><strong>postea</strong></span> <span class='ocrx_word' id='word_1_254' title='bbox 800 2202 905 2233; x_wconf 81' lang='lat' dir='ltr'><strong>etiam</strong></span> <span class='ocrx_word' id='word_1_255' title='bbox 921 2202 1139 2232; x_wconf 75' lang='lat' dir='ltr'><strong>lastinianus</strong></span> <span class='ocrx_word' id='word_1_256' title='bbox 1166 2202 1399 2231; x_wconf 80' lang='lat' dir='ltr'><strong>Romanorum</strong></span> <span class='ocrx_word' id='word_1_257' title='bbox 1422 2199 1612 2243; x_wconf 75' lang='lat' dir='ltr'><strong>imperator</strong></span> 
     </span>
     <span class='ocr_line' id='line_1_32' title="bbox 185 2245 1613 2290; baseline 0 -12"><span class='ocrx_word' id='word_1_258' title='bbox 185 2257 284 2278; x_wconf 86' lang='lat' dir='ltr'><strong>muro</strong></span> <span class='ocrx_word' id='word_1_259' title='bbox 310 2246 590 2290; x_wconf 85' lang='lat' dir='ltr'><strong>Peloponnesum</strong></span> <span class='ocrx_word' id='word_1_260' title='bbox 617 2247 772 2278; x_wconf 85' lang='lat' dir='ltr'><strong>inclusit.</strong></span> <span class='ocrx_word' id='word_1_261' title='bbox 832 2247 1003 2279; x_wconf 83' lang='lat' dir='ltr'><strong>Emanuel</strong></span> <span class='ocrx_word' id='word_1_262' title='bbox 1026 2247 1133 2290; x_wconf 84' lang='lat' dir='ltr'><strong>igitur</strong></span> <span class='ocrx_word' id='word_1_263' title='bbox 1163 2257 1239 2278; x_wconf 87' lang='lat' dir='ltr'><strong>cum</strong></span> <span class='ocrx_word' id='word_1_264' title='bbox 1267 2257 1336 2289; x_wconf 79' lang='lat' dir='ltr'><strong>pax</strong></span> <span class='ocrx_word' id='word_1_265' title='bbox 1359 2245 1613 2278; x_wconf 73' lang='lat' dir='ltr'><strong>intercessisset</strong></span> 
     </span>
     <span class='ocr_line' id='line_1_33' title="bbox 185 2291 1611 2337; baseline 0 -13"><span class='ocrx_word' id='word_1_266' title='bbox 185 2303 263 2324; x_wconf 87' lang='lat' dir='ltr'><strong>cum</strong></span> <span class='ocrx_word' id='word_1_267' title='bbox 291 2291 501 2332; x_wconf 84' lang='lat' dir='ltr'><strong>Mechmete‚</strong></span> <span class='ocrx_word' id='word_1_268' title='bbox 526 2293 684 2325; x_wconf 82' lang='lat' dir='ltr'><strong>Paiazitis</strong></span> <span class='ocrx_word' id='word_1_269' title='bbox 714 2293 812 2333; x_wconf 82' lang='lat' dir='ltr'><strong>filio,</strong></span> <span class='ocrx_word' id='word_1_270' title='bbox 838 2293 875 2325; x_wconf 89' lang='lat' dir='ltr'><strong>in</strong></span> <span class='ocrx_word' id='word_1_271' title='bbox 902 2294 1183 2337; x_wconf 84' lang='lat' dir='ltr'><strong>Peloponnesum</strong></span> <span class='ocrx_word' id='word_1_272' title='bbox 1206 2293 1352 2324; x_wconf 84' lang='lat' dir='ltr'><strong>veniens</strong></span> <span class='ocrx_word' id='word_1_273' title='bbox 1378 2291 1521 2324; x_wconf 82' lang='lat' dir='ltr'><strong>fratrem</strong></span> <span class='ocrx_word' id='word_1_274' title='bbox 1545 2293 1611 2324; x_wconf 86' lang='lat' dir='ltr'><strong>Pe-</strong></span> 
     </span>
     <span class='ocr_line' id='line_1_34' title="bbox 186 2338 1612 2383; baseline -0.001 -12"><span class='ocrx_word' id='word_1_275' title='bbox 186 2339 384 2382; x_wconf 84' lang='lat' dir='ltr'><strong>loponneso</strong></span> <span class='ocrx_word' id='word_1_276' title='bbox 412 2338 608 2383; x_wconf 81' lang='lat' dir='ltr'><strong>praefecit,</strong></span> <span class='ocrx_word' id='word_1_277' title='bbox 635 2339 874 2383; x_wconf 85' lang='lat' dir='ltr'><strong>lsthmumque</strong></span> <span class='ocrx_word' id='word_1_278' title='bbox 899 2351 998 2372; x_wconf 82' lang='lat' dir='ltr'><strong>muro</strong></span> <span class='ocrx_word' id='word_1_279' title='bbox 1037 2339 1186 2371; x_wconf 82' lang='lat' dir='ltr'><strong>firmavit</strong></span> <span class='ocrx_word' id='word_1_280' title='bbox 1212 2338 1461 2382; x_wconf 77' lang='lat' dir='ltr'><strong>undiquaque3</strong></span> <span class='ocrx_word' id='word_1_281' title='bbox 1486 2343 1522 2370; x_wconf 86' lang='lat' dir='ltr'><strong>el:</strong></span> <span class='ocrx_word' id='word_1_282' title='bbox 1545 2338 1612 2370; x_wconf 77' lang='lat' dir='ltr'><strong>tri-</strong></span> 
     </span>
     <span class='ocr_line' id='line_1_35' title="bbox 183 2383 1610 2430; baseline -0.001 -13"><span class='ocrx_word' id='word_1_283' title='bbox 183 2385 310 2417; x_wconf 87' lang='lat' dir='ltr'><strong>butum</strong></span> <span class='ocrx_word' id='word_1_284' title='bbox 335 2385 520 2430; x_wconf 84' lang='lat' dir='ltr'><strong>imperavit</strong></span> <span class='ocrx_word' id='word_1_285' title='bbox 541 2385 820 2428; x_wconf 87' lang='lat' dir='ltr'><strong>Peloponnesiis,</strong></span> <span class='ocrx_word' id='word_1_286' title='bbox 844 2396 914 2429; x_wconf 86' lang='lat' dir='ltr'><strong>quo</strong></span> <span class='ocrx_word' id='word_1_287' title='bbox 942 2384 1109 2417; x_wconf 86' lang='lat' dir='ltr'><strong>Isthmum</strong></span> <span class='ocrx_word' id='word_1_288' title='bbox 1135 2383 1328 2416; x_wconf 85' lang='lat' dir='ltr'><strong>defendere</strong></span> <span class='ocrx_word' id='word_1_289' title='bbox 1354 2389 1484 2427; x_wconf 87' lang='lat' dir='ltr'><strong>posset.</strong></span> <span class='ocrx_word' id='word_1_290' title='bbox 1532 2383 1610 2416; x_wconf 85' lang='lat' dir='ltr'><strong>edi-</strong></span> 
     </span>
     <span class='ocr_line' id='line_1_36' title="bbox 183 2430 1610 2475; baseline 0 -13"><span class='ocrx_word' id='word_1_291' title='bbox 183 2433 307 2475; x_wconf 86' lang='lat' dir='ltr'><strong>xitque</strong></span> <span class='ocrx_word' id='word_1_292' title='bbox 333 2436 375 2463; x_wconf 79' lang='lat' dir='ltr'><strong>ut</strong></span> <span class='ocrx_word' id='word_1_293' title='bbox 401 2442 522 2464; x_wconf 81' lang='lat' dir='ltr'><strong>omnes</strong></span> <span class='ocrx_word' id='word_1_294' title='bbox 547 2432 584 2463; x_wconf 92' lang='lat' dir='ltr'><strong>in</strong></span> <span class='ocrx_word' id='word_1_295' title='bbox 611 2430 744 2463; x_wconf 84' lang='lat' dir='ltr'><strong>Isthmo</strong></span> <span class='ocrx_word' id='word_1_296' title='bbox 772 2432 1020 2463; x_wconf 87' lang='lat' dir='ltr'><strong>convenirent:</strong></span> <span class='ocrx_word' id='word_1_297' title='bbox 1055 2431 1116 2475; x_wconf 89' lang='lat' dir='ltr'><strong>qui</strong></span> <span class='ocrx_word' id='word_1_298' title='bbox 1144 2430 1260 2464; x_wconf 87' lang='lat' dir='ltr'><strong>edicto</strong></span> <span class='ocrx_word' id='word_1_299' title='bbox 1286 2435 1451 2474; x_wconf 83' lang='lat' dir='ltr'><strong>parentes</strong></span> <span class='ocrx_word' id='word_1_300' title='bbox 1477 2440 1610 2462; x_wconf 83' lang='lat' dir='ltr'><strong>conve-</strong></span> 
     </span>
     <span class='ocr_line' id='line_1_37' title="bbox 182 2475 1610 2522; baseline -0.001 -13"><span class='ocrx_word' id='word_1_301' title='bbox 182 2488 266 2509; x_wconf 84' lang='lat' dir='ltr'><strong>nere</strong></span> <span class='ocrx_word' id='word_1_302' title='bbox 283 2502 292 2517; x_wconf 89' lang='lat'>,</span> <span class='ocrx_word' id='word_1_303' title='bbox 323 2478 599 2522; x_wconf 81' lang='lat' dir='ltr'><strong>congregatique</strong></span> <span class='ocrx_word' id='word_1_304' title='bbox 628 2488 766 2510; x_wconf 88' lang='lat' dir='ltr'><strong>murum</strong></span> <span class='ocrx_word' id='word_1_305' title='bbox 797 2482 1007 2515; x_wconf 78' lang='lat' dir='ltr'><strong>extruxere,</strong></span> <span class='ocrx_word' id='word_1_306' title='bbox 1045 2488 1124 2508; x_wconf 90' lang='lat' dir='ltr'><strong>cnm</strong></span> <span class='ocrx_word' id='word_1_307' title='bbox 1151 2475 1306 2522; x_wconf 83' lang='lat' dir='ltr'><strong>quilibet</strong></span> <span class='ocrx_word' id='word_1_308' title='bbox 1332 2486 1396 2519; x_wconf 90' lang='lat' dir='ltr'><strong>pro</strong></span> <span class='ocrx_word' id='word_1_309' title='bbox 1423 2486 1460 2508; x_wconf 74' lang='lat' dir='ltr'><strong>se</strong></span> <span class='ocrx_word' id='word_1_310' title='bbox 1485 2475 1610 2508; x_wconf 83' lang='lat' dir='ltr'><strong>sedulo</strong></span> 
     </span>
     <span class='ocr_line' id='line_1_38' title="bbox 182 2521 1608 2568; baseline 0 -14"><span class='ocrx_word' id='word_1_311' title='bbox 182 2535 283 2555; x_wconf 87' lang='lat' dir='ltr'><strong>suum</strong></span> <span class='ocrx_word' id='word_1_312' title='bbox 311 2534 400 2567; x_wconf 87' lang='lat' dir='ltr'><strong>opus</strong></span> <span class='ocrx_word' id='word_1_313' title='bbox 433 2528 677 2568; x_wconf 79' lang='lat' dir='ltr'><strong>exequeretur.</strong></span> <span class='ocrx_word' id='word_1_314' title='bbox 738 2522 799 2555; x_wconf 88' lang='lat' dir='ltr'><strong>ubi</strong></span> <span class='ocrx_word' id='word_1_315' title='bbox 839 2528 957 2556; x_wconf 86' lang='lat' dir='ltr'><strong>autem</strong></span> <span class='ocrx_word' id='word_1_316' title='bbox 985 2523 1029 2555; x_wconf 74' lang='lat' dir='ltr'><strong>ad</strong></span> <span class='ocrx_word' id='word_1_317' title='bbox 1054 2523 1158 2556; x_wconf 84' lang='lat' dir='ltr'><strong>finem</strong></span> <span class='ocrx_word' id='word_1_318' title='bbox 1187 2521 1375 2555; x_wconf 79' lang='lat' dir='ltr'><strong>deductum</strong></span> <span class='ocrx_word' id='word_1_319' title='bbox 1410 2527 1464 2554; x_wconf 81' lang='lat' dir='ltr'><strong>est</strong></span> <span class='ocrx_word' id='word_1_320' title='bbox 1485 2521 1608 2554; x_wconf 80' lang='lat' dir='ltr'><strong>aedifi-</strong></span> 
     </span>
     <span class='ocr_line' id='line_1_39' title="bbox 182 2567 1609 2614; baseline 0.001 -14"><span class='ocrx_word' id='word_1_321' title='bbox 182 2570 274 2601; x_wconf 88' lang='lat' dir='ltr'><strong>cium</strong></span> <span class='ocrx_word' id='word_1_322' title='bbox 300 2569 413 2610; x_wconf 84' lang='lat' dir='ltr'><strong>illud,</strong></span> <span class='ocrx_word' id='word_1_323' title='bbox 448 2570 681 2614; x_wconf 84' lang='lat' dir='ltr'><strong>Peloponnesi</strong></span> <span class='ocrx_word' id='word_1_324' title='bbox 717 2569 823 2602; x_wconf 88' lang='lat' dir='ltr'><strong>duces</strong></span> <span class='ocrx_word' id='word_1_325' title='bbox 855 2570 971 2613; x_wconf 74' lang='lat' dir='ltr'><strong>capit3</strong></span> <span class='ocrx_word' id='word_1_326' title='bbox 1006 2570 1067 2612; x_wconf 89' lang='lat' dir='ltr'><strong>qui</strong></span> <span class='ocrx_word' id='word_1_327' title='bbox 1102 2569 1208 2612; x_wconf 85' lang='lat' dir='ltr'><strong>longo</strong></span> <span class='ocrx_word' id='word_1_328' title='bbox 1246 2573 1403 2613; x_wconf 86' lang='lat' dir='ltr'><strong>tempore</strong></span> <span class='ocrx_word' id='word_1_329' title='bbox 1428 2567 1609 2610; x_wconf 80' lang='lat' dir='ltr'><strong>regionem</strong></span> 
     </span>
     <span class='ocr_line' id='line_1_40' title="bbox 180 2613 1606 2659; baseline -0.002 -12"><span class='ocrx_word' id='word_1_330' title='bbox 180 2621 343 2648; x_wconf 83' lang='lat' dir='ltr'><strong>tenentes</strong></span> <span class='ocrx_word' id='word_1_331' title='bbox 366 2627 490 2659; x_wconf 81' lang='lat' dir='ltr'><strong>parere</strong></span> <span class='ocrx_word' id='word_1_332' title='bbox 517 2615 723 2648; x_wconf 79' lang='lat' dir='ltr'><strong>recusabant</strong></span> <span class='ocrx_word' id='word_1_333' title='bbox 747 2616 958 2648; x_wconf 83' lang='lat' dir='ltr'><strong>Graecorum</strong></span> <span class='ocrx_word' id='word_1_334' title='bbox 989 2615 1160 2655; x_wconf 82' lang='lat' dir='ltr'><strong>ducibus,</strong></span> <span class='ocrx_word' id='word_1_335' title='bbox 1185 2615 1254 2647; x_wconf 92' lang='lat' dir='ltr'><strong>nisi</strong></span> <span class='ocrx_word' id='word_1_336' title='bbox 1279 2613 1483 2659; x_wconf 80' lang='lat' dir='ltr'><strong>quandoet</strong></span> <span class='ocrx_word' id='word_1_337' title='bbox 1510 2613 1606 2657; x_wconf 86' lang='lat' dir='ltr'><strong>ipso·</strong></span> 
     </span>
     <span class='ocr_line' id='line_1_41' title="bbox 180 2659 1600 2705; baseline -0.001 -13"><span class='ocrx_word' id='word_1_338' title='bbox 180 2672 255 2693; x_wconf 84' lang='lat' dir='ltr'><strong>rum</strong></span> <span class='ocrx_word' id='word_1_339' title='bbox 281 2662 330 2694; x_wconf 84' lang='lat' dir='ltr'><strong>ibi</strong></span> <span class='ocrx_word' id='word_1_340' title='bbox 368 2668 564 2695; x_wconf 84' lang='lat' dir='ltr'><strong>verteretur</strong></span> <span class='ocrx_word' id='word_1_341' title='bbox 589 2663 737 2695; x_wconf 79' lang='lat' dir='ltr'><strong>utilitas.</strong></span> <span class='ocrx_word' id='word_1_342' title='bbox 788 2667 908 2705; x_wconf 81' lang='lat' dir='ltr'><strong>captos</strong></span> <span class='ocrx_word' id='word_1_343' title='bbox 942 2672 1057 2693; x_wconf 78' lang='lat' dir='ltr'><strong>secum</strong></span> <span class='ocrx_word' id='word_1_344' title='bbox 1086 2661 1289 2703; x_wconf 82' lang='lat' dir='ltr'><strong>Byzantium</strong></span> <span class='ocrx_word' id='word_1_345' title='bbox 1315 2659 1483 2700; x_wconf 79' lang='lat' dir='ltr'><strong>ducebat,</strong></span> <span class='ocrx_word' id='word_1_346' title='bbox 1506 2659 1600 2691; x_wconf 83' lang='lat' dir='ltr'><strong>iute-</strong></span> 
     </span>
    </p>
   </div>
   <div class='ocr_carea' id='block_1_4' title="bbox 178 2706 1164 2754">
    <p class='ocr_par' dir='ltr' id='par_1_6' title="bbox 178 2706 1164 2754">
     <span class='ocr_line' id='line_1_42' title="bbox 178 2706 1164 2754; baseline -0.001 -15"><span class='ocrx_word' id='word_1_347' title='bbox 178 2708 242 2739; x_wconf 82' lang='lat' dir='ltr'><strong>rim</strong></span> <span class='ocrx_word' id='word_1_348' title='bbox 266 2707 427 2751; x_wconf 72' lang='lat' dir='ltr'><strong>diligenti</strong></span> <span class='ocrx_word' id='word_1_349' title='bbox 452 2708 609 2742; x_wconf 77' lang='lat' dir='ltr'><strong>custodia</strong></span> <span class='ocrx_word' id='word_1_350' title='bbox 634 2708 907 2754; x_wconf 84' lang='lat' dir='ltr'><strong>Peloponnesios</strong></span> <span class='ocrx_word' id='word_1_351' title='bbox 935 2706 1164 2740; x_wconf 83' lang='lat' dir='ltr'><strong>circumdans.</strong></span> 
     </span>
    </p>
   </div>
  </div>
 </body>
</html>
