1800 3172
274 186 338 233 44
587 190 806 231 LAONlCl
847 189 1350 232 CHALCOCONDYLAE

235 292 350 330 Βτοῦ
379 286 632 328 διδασκάλου
671 291 743 342 τῆς
781 289 1053 335 διδασκαλίας
1091 288 1208 339 ὖμων
1243 288 1444 341 ἀφέμενοι
1475 286 1547 333 ε’πι
1571 290 1700 330 παῖδα

273 352 503 405 ἐτράπεσθε
535 350 596 392 ἔτι
623 351 952 404 ἀπαλλάττοντα,
981 349 1040 403 δ’ν,
1072 351 1240 399 ἐπειδάν
1257 353 1299 398 ἐς
1315 358 1440 404 χεῖρα
1468 351 1572 407 ἒμὴν
1601 349 1701 408 ἀφί-

271 433 406 470 κηται,
433 416 651 467 συλλαβών
675 417 934 469 μαστιγῶσαι,
964 416 1084 456 οὐδέν
1113 431 1151 456 τι
1192 411 1292 456 αλλο
1321 415 1605 469 λυμηνάμενος
1631 415 1702 458 τὸν

271 485 450 532 νεανίαν,
473 477 524 520 ἀν
550 483 686 532 μέντοι
714 483 841 533 μόνον
879 481 978 533 ὑμῖν
1013 480 1278 532 βουλομένοις
1324 481 1394 534 ε’ξῇ
1435 481 1587 522 ἐκεῖνον
1615 495 1702 522 τοι-

270 547 380 585 αῦτα
410 547 596 597 ποιῆσαι.
668 542 721 598 ἢν
760 546 805 586 δὲ
849 540 967 585 ἄλλοι
1009 543 1253 596 πειρώμενοι
1291 545 1364 597 τῆς
1410 544 1572 599 γνώμης
1601 546 1733 596 ἑμοῦ5

269 610 440 661 ἐθέλητε
468 609 537 648 διὰ
562 608 702 662 μάχης
729 609 844 663 ἰέναι,
874 607 959 650 ἴστε
988 608 1039 662 δὴ
1070 609 1126 655 ὥς
1154 608 1273 660 ὑμῶν
1302 609 1425 650 οὐδὲν
1453 608 1567 662 ὖγιὲς
1593 611 1702 650 ε’σεῖ-

268 689 339 713 ται
367 674 442 714 τοῦ
471 674 630 714 λοιποῦ.
663 675 788 726 δεῦρο
831 674 881 725 δὴ
915 667 990 713 οὖν
1021 671 1146 720 ἰόντες
1174 676 1271 727 παρ’
1303 672 1413 725 ἡμᾶς
1438 675 1538 728 μηδ’
1564 672 1703 714 ὄτιοῦν

269 736 569 790 ὑπολογίζεσθε
602 739 720 778 αἰδοῖ
739 739 810 791 τῆς
843 738 1046 792 ἡμετέρας
1065 733 1226 791 ἀρετῆς,
1254 736 1326 778 καὶ
1348 735 1426 778 ὑπὸ
1447 737 1596 786 παιδὸς
1620 754 1702 790 μα-

269 801 404 854 στιγία
437 800 690 854 αἰσχύνεσθε
721 803 897 843 τοιαῦτα
921 801 1238 855 ἐπιτηδεύοντες.
1303 801 1376 842 καί
1401 799 1606 854 ἐπόμνυμι
1633 799 1703 843 τόν

269 865 346 919 την
372 866 510 919 ἀρχὴν
538 865 657 919 τήνδε
683 865 776 917 ἐμοὶ
801 867 1082 919 ἐπιτρέψαντα
1120 867 1279 921 μηδένα
1305 868 1434 920 μηδὲν
1461 865 1523 908 ἔτι
1552 864 1699 919 ἀνήκε-
1716 885 1758 918 10

268 929 364 971 στόν
394 946 434 971 τι
462 931 754 983 &pydum-{huf
781 934 913 972 ταῦτα
933 931 1194 979 ἀκούσαντας
1218 933 1316 980 τούς
1348 928 1542 982 Σαούζεω
1569 947 1701 985 στρα-

231 994 418 1043 Οτιιότας
460 997 713 1048 αἰδεσθῆναί
736 1011 780 1036 τε
827 998 988 1048 λέγεται
1015 996 1086 1049 τὴν
1126 998 1331 1048 βασιλέως
1358 994 1501 1051 φωνὴν
1529 999 1703 1051 (φωνεῖν

270 1075 315 1100 τε
341 1059 420 1113 γὰρ
449 1058 641 1114 διάτορον
671 1060 856 1111 μάλιστα
884 1059 934 1113 δὴ
966 1056 1216 1115 ἀνθρώπων)
1258 1063 1330 1102 καί
1354 1063 1451 1111 περὶ
1475 1063 1594 1116 σφῶν
1621 1060 1703 1102 αύ-

269 1127 350 1166 τῶν
378 1126 583 1176 δεδιέναι,
626 1123 700 1178 τήν
735 1123 866 1179 τύχην
905 1126 1038 1166 αύτοῦ
1075 1127 1145 1166 καί
1172 1125 1324 1179 ἀρετήν
1351 1127 1702 1177 ἐξεπισταμένους.

158 1194 200 1227 V.
216 1194 258 1228 18
269 1191 340 1230 καί
368 1186 476 1230 οὕτω
519 1190 790 1242 πεισθέντας,
830 1189 886 1238 ὥς
930 1191 1122 1231 ἐδίδοσαν
1149 1190 1294 1244 σφίσιν
1321 1191 1463 1238 αυ’τοῖς
1492 1190 1612 1245 λόγον
1636 1189 1760 1240 5711'15

267 1257 327 1310 τῷ
355 1253 551 1307 γεγονότι,
581 1253 724 1302 νυκτὸς
753 1256 908 1308 ἐκείνης
948 1254 1258 1296 ἀπαλλάσσοντο
1295 1256 1339 1295 ἑκ
1369 1257 1446 1296 τοῦ
1473 1257 1704 1310 στρατοπέ-

267 1321 355 1374 δου,
385 1318 576 1366 ἀπιόντες
615 1313 639 1375 ᾗ
672 1315 832 1377 ἑκάστῳ
862 1319 1117 1374 προεχώρει,
1152 1320 1247 1368 τούς
1284 1322 1330 1361 δὲ
1358 1320 1523 1368 πλείους
1551 1321 1705 1374 α’φικο-

266 1387 417 1435 μένους
453 1385 568 1436 παρά
605 1382 652 1425 τὸ
693 1382 960 1437 Ἀμουράτεω
1000 1383 1272 1438 στρατόπεδον
1311 1387 1608 1437 παραιτεῖσθαι
1649 1386 1705 1434 ὥς

268 1447 424 1504 ἀνάγκῃ
453 1452 750 1503 προηνεγμένοι
787 1451 1063 1503 συνελέγησαν
1102 1450 1143 1497 ἐς
1170 1450 1213 1490 τὸ
1255 1451 1448 1500 ,Σαούζεω
1476 1448 1705 1503 στρατόπε..

267 1514 352 1553 δον.
386 1514 633 1564 αἰσθόμενος
654 1515 698 1555 δὲ
727 1513 749 1554 ὅ
768 1515 958 1566 Σαουζῆς
989 1510 1364 1567 ἀποδιδράσκοντας
1383 1515 1460 1554 τοῦ
1483 1518 1703 1568 στρατοπε·
1715 1532 1761 1566 20

269 1578 345 1617 δου
375 1575 474 1624 τούς
502 1575 757 1630 στρατιώτας
786 1579 928 1630 αὐτοῦ,
961 1575 1039 1618 σύν
1067 1583 1151 1625 τοῖς
1173 1578 1371 1631 ἀρίστοις,
1400 1574 1458 1627 οἷς
1487 1577 1600 1633 ἑώρα
1629 1581 1705 1620 εύ-

265 1643 506 1690 νουστάτοις
546 1643 672 1699 αὐτῷ,
714 1638 845 1699 ᾤχετο
875 1643 944 1683 ὲπί
970 1642 1013 1682 τὸ
1046 1642 1377 1697 Διδυμότοιχον,
1403 1645 1704 1697 συνεπισπομέ-

359 1764 393 1796 2.
418 1761 667 1798 a'zrduovw?
693 1757 839 1797 ἁπαλὸν
864 1762 954 1797 ὄντα
981 1762 1007 1794 H
1220 1764 1252 1796 5.
1282 1764 1321 1798 δὲ
1345 1762 1646 1811 ἀποπειρώμενοι
1674 1765 1701 1798 Η

358 1809 391 1842 8.
421 1808 539 1854 ὑπὲρὶ)
568 1821 647 1842 mox
674 1810 703 1842 H
726 1812 939 1855 μαστιγίου.
1038 1810 1089 1842 11.
1119 1809 1184 1843 τοῦ
1211 1810 1235 1842 Ρ

268 1930 404 1960 manus,
431 1924 530 1962 tergo
557 1931 619 1952 suo
646 1930 778 1963 poenas
807 1919 950 1964 pendet.
1000 1931 1079 1952 nam
1103 1920 1252 1963 flagellis
1279 1919 1458 1959 caedetur,
1484 1921 1517 1952 si'
1537 1920 1642 1953 modo
1669 1920 1704 1953 id

268 1976 334 2010 per
359 1977 421 1999 vos
447 1966 532 1998 mihi
565 1967 722 2007 nouerim
755 1977 820 1998 nec
846 1966 1036 2010 quicquam
1068 1967 1150 1999 mali
1192 1967 1291 1998 aliud
1315 1967 1550 1999 adolescentis
1579 1978 1704 2011 perpe-

270 2013 380 2045 tietur
406 2023 544 2057 corpus.
605 2013 658 2044 sin
692 2017 807 2056 spreta
848 2011 914 2043 hac
937 2014 1114 2045 sententia
1141 2023 1275 2044 mecum
1301 2013 1487 2045 volueritis
1513 2012 1704 2045 decernere

271 2059 389 2098 ferro,
425 2069 488 2103 pro
520 2063 616 2091 certo
662 2057 830 2091 habetote
863 2069 925 2090 vos
965 2058 1011 2091 ad
1045 2069 1212 2091 summam
1236 2059 1394 2091 abituros
1422 2059 1613 2099 miseriam,
1638 2069 1705 2091 nec

270 2114 383 2137 meam
411 2104 608 2136 bonitatem
641 2115 795 2148 unquam
823 2109 1040 2146 experturos.
1109 2106 1202 2148 agite
1245 2115 1348 2148 ergo,
1376 2103 1420 2136 ad
1455 2116 1520 2137 nos
1545 2105 1704 2144 transite,

269 2149 363 2182 nihil
392 2151 477 2182 mali
503 2151 728 2194 suspicantes.
753 2161 818 2182 nec
842 2149 887 2182 ob
914 2156 1054 2183 nostrae
1070 2151 1209 2183 virtutis
1234 2151 1476 2191 reverentiam,
1505 2161 1570 2183 nec
1599 2151 1704 2184 etiam

270 2201 417 2240 propter
451 2196 515 2229 filii
542 2196 813 2239 flagellationem
833 2220 842 2236 ,
869 2195 912 2228 ad
959 2207 1013 2229 me
1038 2197 1216 2229 confluere
1253 2196 1477 2229 erubueritis.
1538 2197 1616 2228 iuro
1642 2207 1705 2240 per

271 2253 351 2274 eum
377 2243 474 2274 cuius
503 2253 571 2286 ope
608 2242 653 2274 ad
693 2241 787 2274 istud
817 2242 952 2284 insigne
979 2243 1167 2286 imperium
1192 2241 1392 2281 conscendi,
1423 2253 1478 2274 me
1504 2242 1596 2275 nihii
1619 2243 1703 2275 mali

272 2289 435 2332 cuiquam
472 2293 625 2320 vestrum
657 2288 873 2320 illaturum.”
937 2288 1027 2320 sama
1064 2294 1118 2321 est
1155 2289 1275 2321 Sauzis
1310 2289 1441 2320 milites
1478 2287 1535 2322 his
1575 2287 1705 2321 auditis

271 2333 438 2366 nonnihil
478 2334 643 2366 confusos
679 2345 765 2367 voce
799 2334 910 2376 regis,
938 2345 1029 2378 quae
1054 2340 1128 2366 erat
1151 2335 1351 2375 clarissima,
1377 2334 1518 2378 sibique
1543 2334 1704 2367 timuisse

271 2381 374 2420 male,
399 2381 561 2413 virtutem
586 2380 661 2412 eius
702 2385 738 2412 et
762 2379 938 2412 fortunam
965 2380 1100 2424 optime
1136 2381 1318 2413 callentes.
1366 2386 1522 2413 attamen
1547 2380 1705 2424 persuasi

271 2427 481 2459 auctoritate
508 2426 658 2458 <licentis
676 2451 685 2466 ,
713 2437 790 2459 cuin
823 2426 918 2458 inter
945 2437 982 2458 se
1007 2427 1157 2459 multum
1183 2432 1302 2459 essent
1325 2426 1507 2466 collocuti,
1535 2432 1640 2459 nocte
1664 2437 1706 2458 ea

272 2483 363 2516 quae
391 2471 645 2517 insequebatur
668 2477 778 2504 castra
805 2471 995 2513 deserunt3
1023 2477 1058 2505 et
1083 2483 1154 2517 quo
1179 2473 1310 2517 cuique
1335 2477 1575 2516 opportunum
1602 2470 1705 2505 vide-

270 2517 386 2556 batur,
410 2530 452 2550 ρο
477 2518 653 2561 dirigebat
677 2529 843 2561 gressum.
893 2519 1035 2562 plurimi
1062 2530 1138 2550 cum
1165 2519 1338 2552 Amuratis
1363 2523 1476 2551 castra
1501 2518 1704 2557 intrassent,

271 2564 451 2608 deprecati
477 2569 560 2597 sunt
585 2565 736 2608 culpam,
764 2564 901 2596 factum
928 2570 1149 2604 excusantes,
1173 2575 1209 2597 se
1236 2576 1309 2597 non
1335 2569 1473 2608 sponte,
1496 2575 1615 2596 verum
1641 2574 1708 2596 ne-

270 2610 435 2642 cessitate
460 2610 703 2650 circundatos,
728 2615 844 2643 castra
874 2611 993 2643 Sauzis
1028 2621 1103 2642 esse
1128 2616 1277 2643 secutos.
1328 2611 1454 2644 Sauzes
1479 2609 1540 2642 ubi
1565 2609 1708 2642 intelle-

217 2655 219 2658 ’
271 2658 324 2688 xit
351 2657 482 2689 milites
507 2668 588 2689 suos
613 2667 632 2688 e
661 2657 783 2689 castris
813 2656 1003 2697 aufugisse,
1029 2667 1094 2687 nec
1121 2668 1192 2690 non
1211 2657 1292 2688 illos
1316 2667 1404 2700 quos
1432 2655 1499 2689 sibi
1525 2654 1708 2688 fidissimos

274 2702 452 2735 iudicabat
480 2703 620 2743 abiisse,
648 2703 825 2736 concessit
854 2702 1151 2744 Didimolychum.
1203 2703 1311 2735 secuti
1339 2708 1418 2735 sunt
1444 2713 1522 2735 euin
1553 2703 1707 2734 Graeco-
