1800 3172
261 201 320 242 52
590 204 805 245 LAONlCl
849 203 1354 246 CHALCOCONDYLAE

258 297 435 354 γνώμην,
460 297 564 341 αἵστο
596 299 884 355 φυλάττεσθαι
923 302 1110 350 ἐπιεικῶς
1150 303 1248 354 μηδ’
1278 299 1414 341 ὁτιοῦν
1439 301 1482 348 ἐς
1509 299 1581 354 τὸν
1606 303 1688 352 βα-

218 366 375 406 (Ξσιλέα
406 366 480 405 τοῦ
508 365 655 404 λοιποῦ
683 367 943 419 ἐξαμαρτεῖν.
998 362 1170 418 ὕστερον
1204 368 1342 417 μέντοι
1376 363 1594 418 Θεόδωρον
1620 362 1690 406 τὸν

256 430 387 470 παῖδα
413 429 547 472 αὐτοῦ
576 429 818 481 ἐπιπέμπων
846 432 887 478 ἐς
908 429 1225 483 Πελοπόννησον
1250 428 1578 482 τελευτησάντων
1606 430 1689 470 τῶν

255 493 329 534 τοῦ
368 495 718 547 Καντακουζηνοῦ
760 494 919 535 παίδων
958 493 1002 535 ἐν
1048 498 1097 550 τῇ
1129 494 1321 550 Σπάρτῃ,
1361 493 1516 546 ἐγένετο
1556 495 1600 534 ἐν
1638 495 1689 549 τῇ

258 559 400 613 Θέρμῃ
432 556 511 598 συν
541 559 595 612 τῷ
623 558 792 614 ἀδελφῷ
821 556 1123 614 Ἐιιμανουὴλῳ,
1151 559 1222 599 καί
1249 557 1378 599 αὐτόν
1408 573 1454 598 τε
1480 558 1554 610 τῆς
1584 561 1719 602 Mon-5

255 623 442 669 κεδονιάς
469 624 540 663 καί
555 623 782 669 Θετταλίας
813 622 1004 675 ἡγεμόνα.
1062 620 1307 676 ἀφικόμενοι
1336 625 1378 670 ές
1405 620 1550 676 λόγους
1581 622 1686 663 α’πό·

253 702 401 728 στασιν
445 686 713 739 ἐβουλεύοντο
751 686 832 728 dni>
862 686 1129 742 Ἀμουράτεω
1156 689 1360 742 βασιλέως
1380 719 1390 736 ‚
1423 686 1495 728 τόν
1521 689 1597 739 μὲν
1623 685 1683 729 οἴ-

251 755 406 804 χεσθαι
455 749 628 792 ἀπιόντα
665 751 734 793 ἐπὶ
772 753 1007 802 Βυζαντίου
1049 754 1418 804 μεταπεμπομένου
1463 750 1588 793 αὐτὸν
1615 754 1687 792 τοῦ

252 815 410 870 πατρὸς
435 815 506 857 ἐπὶ
533 815 606 870 την
632 815 872 869 βασιλείαν,
898 815 964 858 τὸν
996 819 1041 857 δὲ
1070 818 1274 858 εἰσελθεῖν
1302 819 1344 864 ἐς
1371 816 1444 871 την
1468 814 1686 858 Πελοπόν.

252 895 374 933 νησον
407 882 480 921 καί
517 882 800 934 ἐπιτροπεύειν
843 882 893 922 τά
936 883 1024 922 κατ’
1053 877 1198 934 αὐτην,
1225 876 1252 936 ᾗ
1281 882 1455 922 ἐδύνατο
1485 879 1685 935 κράτιστα
1701 890 1743 923 10

251 939 374 1000 καίᾗ
414 942 546 986 ἐδόκει
594 943 708 1002 αὐτῷ
737 945 841 995 ἕξειν
882 946 937 994 ὥς
980 947 1292 1000 ἀσφαλέστατα.
1347 947 1480 987 ταῦτα
1506 948 1584 998 μὲν
1611 942 1687 987 οὖν

251 1011 481 1063 ξυνηνέχθη
525 1011 622 1062 πρὶν
663 1006 691 1064 ἦ
714 1010 975 1064 Ἀνδρόνικον
1012 1010 1084 1052 τὸν
1112 1012 1244 1051 παῖδα
1273 1013 1478 1063 βασιλέως
1504 1010 1686 1066 οἶφιστοί-

249 1088 372 1125 μενον
411 1073 490 1115 σιὶν
528 1078 582 1131 τῷ
611 1075 873 1128 Ἀμουράτεω
903 1075 1024 1116 παιδὶ
1057 1077 1113 1131 τῷ
1142 1077 1309 1130 Σαουζῇ
1337 1076 1539 1128 ἐξενέγκαι
1565 1072 1687 1116 πόλε-

206 1148 326 1190 Βμον
364 1134 494 1194 ἄμφω
540 1141 594 1194 τῷ
620 1136 858 1194 Ἀμουράτῃ
898 1138 1002 1180 κατά
1042 1141 1191 1184 ταῦτα.
1247 1137 1423 1193 ὕστερον
1445 1141 1586 1192 μέντοι
1615 1138 1689 1180 καί

248 1202 299 1244 τοὶ
330 1203 411 1243 ὑπὸ
435 1202 744 1258 Ἐμμανουήλου
782 1206 824 1251 ές
863 1203 1138 1257 νεωτερισμὸν
1167 1203 1437 1258 πρασσόμενα
1465 1202 1684 1246 οἷνοίπυστα
1700 1213 1740 1246 15

251 1270 411 1320 ἐγένετο
447 1271 637 1322 βασιλεῖ,
665 1269 736 1310 καί
774 1269 846 1322 τήν
869 1284 910 1310 τε
952 1270 1119 1322 Θέρμην
1160 1271 1232 1311 καί
1272 1268 1325 1309 τὰ
1367 1269 1517 1324 ταύτης
1543 1267 1683 1322 χωρία

251 1334 495 1387 Χαρατίνης
525 1334 719 1388 ἀφείλετο
751 1334 890 1375 αὐτόν.
963 1337 1034 1374 καί
1063 1331 1236 1388 ὕστερον
1261 1333 1587 1388 ἀπαγορεύοντος
1605 1328 1686 1374 ’τοῦ

248 1395 404 1450 πατρὸς
420 1396 478 1450 μὴ
505 1400 699 1451 ἐπιβῆναι
717 1401 790 1452 τῆς
820 1398 963 1453 χώρας
994 1400 1136 1448 αὐτοῦ,
1171 1397 1243 1439 καί
1272 1396 1320 1452 δὴ
1347 1397 1416 1439 καὶ
1435 1397 1686 1450 ἑπῐΛέσβον

248 1462 500 1516 α’φικόμενον
531 1466 701 1517 περιδεῆ
749 1463 964 1516 γενόμενον
992 1463 1060 1504 τὸν
1098 1467 1269 1517 Λέσβου
1299 1460 1477 1517 ἡγεμόνα
1505 1476 1686 1516 προαγο-

247 1524 387 1579 ρεύειν
417 1528 755 1569 ἀπαλλάττεσθαι
776 1530 820 1569 ἐκ
847 1531 919 1581 τῆς
946 1528 1089 1582 χώρας
1118 1529 1257 1570 αὐτοῦ.
1286 1533 1509 1580 κατασχεῖν
1537 1527 1681 1582 τριήρη
1694 1538 1740 1572 20

249 1592 291 1638 ἐς
326 1593 477 1644 Τροίαν
506 1590 709 1643 διαβάντα
739 1594 781 1640 ές
810 1593 883 1645 την
906 1593 1066 1646 Ἀσίαν,
1087 1593 1159 1633 καί
1182 1591 1503 1645 μισθωσάμενον
1531 1595 1683 1639 ἵππους

250 1651 481 1710 ἀφικέσθαι
511 1658 554 1704 ἐς
581 1658 787 1710 Προῦσαν
819 1657 932 1710 παρὰ
962 1661 1139 1709 βασιλέα
1174 1657 1445 1712 Ἀμουροὶτην.

346 1773 375 1803 1.
405 1772 442 1809 ἐς
464 1782 520 1803 om
545 1772 568 1804 Ρ
683 1772 715 1804 8.
741 1773 893 1808 ἐπιόντα
920 1773 961 1805 Ρ;
986 1785 1063 1806 corr
1087 1775 1118 1807 Η
1242 1774 1292 1807 19.
1316 1773 1611 1822 προσαγορεύειν
1634 1774 1658 1806 Ρ

253 1874 502 1918 delinqueret,
536 1886 607 1920 quo
643 1877 838 1910 incurreret
873 1879 909 1910 in
935 1880 1103 1911 offensam
1135 1879 1236 1922 regis.
1297 1884 1422 1923 postea
1448 1878 1559 1911 filium
1581 1889 1682 1911 suum

252 1921 479 1954 Theodorum
505 1923 601 1954 misit
625 1923 661 1955 in
692 1924 984 1969 Peloponnesum,
1018 1925 1195 1957 defunctis
1223 1925 1460 1957 Cantacuzeni
1484 1925 1585 1967 ffliis3
1621 1925 1682 1969 qui

251 1968 381 1999 mansit
413 1967 508 2012 apud
543 1969 769 2001 Emanuelem
804 1971 948 2003 fratrem
983 1982 1112 2011 suum,
1138 1971 1313 2004 Thermae
1350 1970 1577 2015 praefectum.
1624 1971 1682 2002 cui

253 2024 332 2045 cum
358 2014 395 2045 in
423 2014 643 2059 colloquium
670 2017 825 2048 venisset
849 2015 1079 2050 Macedoniae
1113 2022 1148 2050 et
1167 2017 1369 2050 Thessaliae
1395 2016 1478 2058 dux,
1507 2017 1683 2050 defectio-

252 2070 333 2091 nem
361 2060 518 2092 consiliis
552 2061 683 2093 habitis
720 2063 960 2094 moliebantur
987 2064 1029 2095 ab
1067 2074 1146 2107 rege
1168 2064 1345 2096 Amurate.
1393 2064 1482 2095 alter
1507 2063 1603 2095 filius
1626 2073 1682 2095 re-

253 2105 321 2138 diit
347 2106 560 2147 Byzantium,
587 2108 774 2140 accersitus
802 2120 819 2140 a
845 2115 945 2152 patre
980 2109 1025 2141 ad
1061 2121 1214 2153 regnum.
1263 2111 1339 2154 ipse
1366 2114 1482 2141 autem
1506 2109 1682 2152 ingressus

252 2152 538 2195 Peloponnesum
563 2154 638 2185 eius
665 2154 741 2186 loca
766 2154 927 2187 defendit
954 2166 1058 2199 quam
1085 2157 1229 2200 optime.
1278 2166 1368 2199 quae
1391 2155 1507 2188 omnia
1531 2156 1580 2188 ita
1603 2165 1681 2187 mu-

252 2199 344 2230 nivit
368 2203 407 2230 ut
428 2198 496 2230 sibi
523 2198 735 2232 videbantur
758 2212 861 2244 quam
888 2203 1038 2234 maxime
1065 2207 1140 2234 tuta
1167 2203 1296 2234 sutura.
1347 2201 1433 2234 haec
1458 2211 1549 2245 quae
1573 2200 1680 2234 modo

253 2245 514 2284 recensuimus,
542 2256 691 2278 evenere
723 2247 927 2292 priusquam
962 2247 1184 2280 Andronicus
1215 2258 1284 2280 una
1310 2258 1389 2280 cum
1414 2248 1526 2280 Sauzo
1549 2246 1682 2280 defice-

254 2295 332 2322 rent
356 2289 400 2322 ab
429 2292 606 2332 Annus-ate,
633 2290 808 2336 amboque
835 2298 956 2325 contra
982 2299 1097 2338 patres
1121 2305 1202 2326 suos
1230 2305 1324 2326 arma
1356 2298 1533 2338 caperent.
1581 2298 1682 2338 post-

253 2335 396 2368 modum
419 2338 591 2381 comperit
628 2338 809 2371 Amurates
846 2339 949 2371 etiam
987 2341 1212 2373 Emanuelem
1253 2351 1420 2373 novarum
1445 2349 1559 2372 rerum
1581 2340 1682 2384 cupi-

254 2382 338 2413 dum
362 2381 599 2416 defectionem
635 2385 754 2417 animo
782 2385 934 2427 agitare3
969 2397 1072 2431 quem
1101 2387 1243 2419 tandem
1268 2386 1420 2418 Therma
1444 2384 1577 2430 oppido
1603 2395 1683 2418 sua-

255 2439 324 2472 que
350 2428 522 2472 dignitate
566 2430 731 2474 spoliavit
757 2430 976 2464 Charatines.
1039 2431 1168 2465 deinde
1214 2443 1292 2464 cum
1317 2437 1417 2476 pater
1443 2431 1613 2464 edixisset
1635 2441 1681 2463 ne

254 2475 423 2507 Emanuel
464 2485 562 2507 suam
598 2476 745 2509 intraret
781 2478 985 2520 regionem,
1017 2483 1192 2511 maturata
1229 2479 1310 2521 suga
1335 2477 1492 2510 venitin
1516 2477 1682 2511 Lesbum.

254 2520 352 2552 cuius
378 2521 550 2554 adventus
586 2533 663 2554 cum
703 2529 869 2555 terrorem
900 2524 1088 2557 maximum
1117 2525 1296 2557 iniecisset
1331 2523 1411 2556 duci
1440 2523 1587 2556 insulam
1615 2535 1682 2565 gu-

253 2565 441 2607 bernanti,
463 2578 526 2600 sua
549 2569 692 2612 regione
716 2569 943 2602 Emanuelem
979 2571 1147 2603 excedere
1183 2571 1294 2603 iussit.
1344 2570 1404 2614 qui
1430 2580 1508 2601 cum
1533 2569 1680 2604 incidis—

254 2617 307 2644 set
347 2613 384 2644 in
419 2614 596 2646 triremem
634 2615 828 2648 solventem
868 2615 1033 2656 Troiam,
1060 2622 1277 2650 transvectus
1311 2621 1364 2648 est
1391 2616 1427 2648 in
1455 2616 1581 2648 Asiam.
1631 2615 1679 2647 ibi

254 2657 440 2692 conductis
476 2659 637 2694 mercede
680 2662 781 2706 equis
819 2661 998 2706 profectus
1051 2669 1104 2695 est
1145 2663 1281 2695 prusam
1322 2661 1365 2693 ad
1410 2672 1523 2705 regem
1570 2661 1679 2693 Amu-

255 2709 375 2736 ratem.
