1774 3204
194 181 287 225 280
520 183 737 224 LAONlCl
779 183 1284 227 CHALCOCONDYLAE

157 288 179 318 Β
307 279 446 335 Τούτῳ
485 283 562 330 μὲν
595 277 668 320 οὖν
708 280 900 333 ἀγαγόντι
939 281 1014 333 τήν
1041 283 1243 333 βασιλέως
1273 286 1617 337 Πορτουγαλλιάς

190 346 404 396 θυγατέρα
444 345 597 396 ἐγένετο
640 352 736 393 παῖς
785 346 967 399 Κήρικος
1006 343 1197 398 τοῦνομα,
1225 346 1330 400 οἷνήρ
1362 347 1412 389 τοὶ
1439 352 1615 402 πολέμια

188 406 361 461 ἁγαθός,
388 407 432 454 ὃς
463 410 594 449 έπείτε
623 409 795 463 ἠγάγετο
839 413 914 451 τοῦ
941 408 1142 465 Ναβάρης
1171 415 1374 462 βασιλέως
1405 417 1615 466 θυγατέρα

187 472 258 512 καί
284 472 358 511 οὐκ
386 470 539 525 ἐγένετο
561 473 672 529 αὐτῷ
698 476 984 527 συγγενέσθαι,
1010 475 1298 526 ἀπεπέμψατο,
1323 475 1395 516 καί
1417 477 1616 530 δευτέραν

188 537 407 590 ἐσηγάγετο
427 543 601 589 γυναῖκα
621 539 799 590 α’νεψιὰν
814 537 957 590 αὐτοῦ,
974 541 1185 592 θυγατέρα
1201 541 1274 580 τοῦ
1286 540 1648 593 Πορτουγάλλων5

186 604 403 655 βασιλέως,
421 597 528 650 εἶδος
547 605 764 656 λεγομένην
782 607 924 645 πασῶν
945 607 1025 645 τῶν
1048 605 1105 652 εἰς
1129 606 1262 645 ἐκεῖνα
1286 603 1332 646 τοὶ
1353 607 1489 659 χωρία
1510 601 1615 646 εἶναι

186 667 418 718 καλλίστην,
435 664 743 718 ὑποτιθεμένων
761 670 875 725 αὐτῷ
894 671 973 709 τῶν
987 670 1168 722 α’ρίστων
1184 668 1238 716 ὥς
1257 665 1306 722 ἢν
1318 664 1444 722 ἄλλην
1463 667 1615 722 ἐσαγά-

185 744 294 782 γοιτο
327 737 516 785 γυναῖκα,
546 726 630 779 οἶός
657 748 701 772 τε
728 731 861 774 ἔσοιτο
877 736 1159 786 συγγενέσθαι.
1216 733 1291 786 τήν
1316 735 1454 784 μέντοι
1482 736 1614 786 θυγα-

185 796 287 847 τέρα
316 797 392 835 τοῦΙ
420 796 621 850 Ναβάρης
647 799 851 848 βασιλέως
879 795 1084 850 ἠνάγκασε
1112 799 1154 845 ές
1181 796 1225 838 τὸ
1253 799 1334 838 τῶν
1360 799 1614 851 Ναζηραίων

186 861 328 912 σχῆμα
356 861 485 912 ἰέναι,
524 862 597 901 καί
637 857 845 901 ἀπέδωκεν
877 860 984 916 αὐτῇ
1022 860 1233 914 χρήματα.
1290 860 1311 902 ὃ
1342 863 1387 902 δὲ
1419 865 1670 916 Πορτου-ιο

184 926 354 977 γαλλιάς
379 924 578 975 βασιλεῦς
607 927 737 973 οἰκίας
775 925 862 966 ἐστι’
889 928 970 967 τῶν
996 925 1205 973 Γαλατίας
1231 927 1449 979 βασιλέων.
1507 942 1614 978 συμ-

146 990 391 1041 (ῑβάλλομαι
434 991 479 1030 δὲ
518 989 638 1042 τήνδε
668 988 742 1042 τήν
768 988 912 1043 χώραν
952 992 1032 1032 α’πὸ
1066 993 1247 1031 παλαιοῦ
1276 990 1378 1044 πρὸς
1403 990 1501 1040 τούς
1531 990 1613 1032 Λί-

181 1057 288 1105 βυας
323 1055 610 1106 διενεχθέντας
648 1053 746 1102 τούς
784 1057 955 1096 Κελτῶν
980 1058 1163 1107 βασιλεῖς
1197 1058 1614 1109 καταστρεψαμένους

183 1117 259 1172 ὑφ’
289 1118 427 1166 αὐτοῖς
456 1118 713 1172 ποιήσασθαι
753 1122 827 1160 καί
863 1121 1125 1171 παραδοῦναι
1160 1125 1245 1168 τοῖς
1273 1121 1315 1169 ἐξ
1347 1117 1482 1161 αὑτῶν
1505 1134 1614 1172 γινο-

180 1184 331 1233 μένοις.
405 1182 460 1230 ὥς
485 1185 529 1224 δὲ
558 1185 629 1224 καί
653 1186 727 1236 τήν
764 1182 966 1238 Ναβάρης
1004 1187 1222 1236 βασιλείαν
1265 1183 1430 1237 ἀνήκειν
1468 1185 1510 1231 ἐς
1536 1183 1613 1237 τήν
1627 1201 1668 1233 15

181 1248 312 1288 οἰκίαν
351 1250 430 1289 τῶν
457 1250 668 1296 Γαλατίας
694 1251 897 1300 βασιλέων
925 1250 1155 1302 νομίζεται,
1200 1250 1271 1289 καί
1306 1247 1455 1302 μηδενί
1489 1247 1613 1304 ἑτέρῳ

180 1313 333 1361 ἐξεῖναι
363 1315 587 1365 παρελθεῖν
613 1311 655 1360 ἐς
682 1311 798 1366 τήνδε
825 1312 900 1365 τήν
927 1312 1165 1364 βασιλείαν·
1197 1314 1267 1354 καί
1291 1312 1370 1367 γὰρ
1400 1314 1471 1354 καί
1495 1311 1614 1365 τήνδε

180 1376 399 1432 ,Κάρουλος
428 1374 448 1417 ὃ
478 1378 742 1431 αὐτοκράτωρ
772 1379 843 1418 καί
869 1376 907 1418 οἱ
930 1380 1018 1430 μετ’
1047 1380 1200 1419 ἐκεῖνον
1231 1381 1417 1431 βασιλεῖς
1445 1378 1616 1433 φαίνον-

178 1457 248 1482 ται
277 1442 396 1494 τήνδε
430 1443 575 1490 αὐτοῖς
602 1442 989 1495 καταστρεψάμενοι
1018 1441 1088 1495 τήν
1104 1442 1250 1495 χώραν
1284 1443 1500 1483 α’πολιπεῖν
1528 1446 1614 1489 τοῖς

179 1505 259 1546 ἇπὸ
286 1508 357 1559 τῆς
401 1507 533 1554 οἰκίας
571 1507 712 1547 αὐτῶν
753 1509 973 1558 ἐσομένοις.
1040 1505 1112 1547 τὸν
1135 1509 1274 1558 μέντοι
1303 1507 1487 1560 ἀδελφόν
1518 1507 1610 1548 Ἀλ-
1623 1522 1667 1555 20

181 1569 336 1625 φόνσου
367 1570 614 1624 ἐπηγάγοντο
655 1573 724 1611 έπί
764 1573 868 1628 τῷδε
906 1573 962 1628 τῷ
1001 1572 1134 1627 λόγῳ,
1183 1569 1237 1620 ὥς
1267 1572 1358 1612 ἐπεὶ
1383 1569 1506 1625 ἔγημε
1533 1587 1611 1623 γυ-

179 1640 301 1675 ναῖκα
339 1638 415 1675 τοῦ
450 1635 563 1677 οἴκου
602 1638 672 1688 τῆς
697 1637 934 1688 Γαλατίας,
976 1632 1024 1689 ἢν
1064 1639 1141 1688 μὲν
1167 1638 1333 1690 γένηται
1361 1638 1474 1692 αὕτῴ
1501 1641 1609 1689 παῖς,

137 1699 298 1743 Ὀτόνδε
324 1703 470 1754 μηκέτι
512 1703 588 1740 τοῦ
628 1703 775 1740 λοιποῦ
816 1701 1040 1754 διατρίβειν
1076 1700 1118 1741 ὲν
1157 1703 1206 1757 τῇ
1243 1700 1375 1758 χώρᾳ,
1407 1699 1511 1741 α’λλά
1538 1699 1610 1741 τὸν

275 1809 306 1841 3.
332 1808 519 1854 Γρανάτης
543 1810 566 1841 Ρ
675 1810 727 1843 10.
754 1810 958 1844 ἐπέδωκενῗ
1080 1809 1133 1842 15.
1164 1809 1213 1847 ὠς
1231 1810 1255 1842 Ρ

292 1893 408 1931 Huic,
444 1903 520 1924 cum
547 1893 705 1926 duxisset
731 1894 820 1937 regis
846 1893 1067 1937 Portugaliae
1093 1893 1202 1925 filiam
1230 1904 1390 1932 uxorem,
1428 1897 1531 1925 natus
1556 1897 1609 1925 est

180 1939 274 1971 filius
299 1939 442 1971 nomine
460 1939 605 1979 Ciricus,
631 1941 685 1971 vir
713 1941 763 1972 rei
787 1940 947 1972 militaris
973 1940 1215 1983 peritissimus.
1265 1939 1327 1983 qui
1347 1939 1608 1971 matrimonium

179 1986 353 2018 contraxit
377 1995 453 2016 cum
487 1986 664 2017 Granatae
692 1986 780 2029 regis
815 1986 909 2028 filia3
943 1997 1070 2030 quam,
1097 1986 1179 2030 quia
1202 1996 1276 2017 non
1303 1990 1442 2029 poterat
1466 1996 1542 2017 cum
1568 1994 1608 2016 ea

180 2031 434 2070 concumbere,
464 2031 684 2075 repudiatam
728 2032 870 2064 dimisit.
920 2043 1065 2064 uxorem
1096 2032 1242 2064 alteram
1267 2031 1455 2075 assumpsit
1479 2027 1607 2063 conso-

178 2077 316 2110 brinam
341 2077 428 2119 regis
454 2077 687 2120 Portugaliae‚
716 2089 806 2123 quae
831 2078 964 2110 formae
991 2083 1177 2110 venustate
1207 2088 1341 2117 omnes,
1369 2081 1544 2121 quotquot
1568 2076 1607 2108 in

178 2124 256 2156 istis
283 2123 484 2167 regionibus
513 2124 675 2167 agebant,
701 2124 869 2156 anteibat.
919 2124 1008 2156 hanc
1026 2124 1093 2156 sibi
1123 2123 1309 2155 associavit
1333 2122 1481 2156 consilio
1509 2123 1607 2165 opti-

179 2174 334 2209 matum,
369 2170 430 2213 qui
465 2170 697 2202 consulebant
723 2170 821 2210 fore,
855 2170 883 2201 si
917 2170 1019 2202 aliam
1049 2179 1191 2202 uxorem
1218 2167 1397 2208 duxisset,
1426 2173 1465 2200 ut
1489 2173 1608 2212 posset

180 2227 260 2248 cum
287 2226 328 2247 ea
356 2215 611 2254 concumbere,
646 2217 748 2248 sicuti
778 2216 1035 2248 matrimonium
1062 2215 1231 2260 postulat.
1282 2214 1388 2246 filiam
1415 2213 1504 2257 regis
1531 2213 1607 2246 Na-

179 2272 301 2295 varrae
325 2262 440 2304 coegit
462 2261 622 2294 habitum
638 2261 892 2295 Nazaraearum
922 2263 993 2294 sive
1018 2260 1265 2293 monacharum
1291 2270 1476 2299 assumere,
1502 2259 1608 2304 eique

182 2318 267 2352 opes
293 2307 337 2340 ad
362 2307 456 2340 istud
487 2309 580 2341 vitae
604 2309 806 2341 institutum
843 2307 1041 2351 assignavit.
1099 2319 1157 2340 rex
1185 2306 1403 2349 Portugaliae
1431 2311 1528 2338 ortus
1555 2310 1609 2338 est

182 2365 225 2386 ex
249 2354 384 2386 familia
413 2353 550 2386 Galliae
575 2365 703 2397 regum.
753 2354 905 2386 arbitror
929 2358 1046 2386 autem
1066 2353 1248 2386 Gallorum
1269 2363 1364 2396 reges
1388 2341 1606 2395 belligeran—

181 2406 234 2433 tes
258 2399 422 2432 adversus
446 2400 579 2433 Poenos
608 2400 787 2445 quondam
813 2400 988 2443 regionem
1013 2400 1113 2431 istam
1141 2398 1321 2441 subegisse
1349 2403 1384 2431 et
1407 2398 1455 2430 ad
1479 2402 1602 2442 poste-

184 2457 238 2478 ros
263 2457 343 2478 suos
368 2447 613 2479 transmisisse.
663 2447 782 2491 itaque
808 2446 981 2478 Navarrae
1023 2456 1165 2488 regnum
1190 2450 1335 2488 putatur
1359 2444 1538 2488 pertinere
1562 2442 1607 2475 ad

182 2492 350 2524 familiam
378 2502 496 2535 regum
523 2492 673 2532 Galliae,
698 2503 763 2525 nec
788 2492 857 2524 nisi
884 2503 926 2524 ex
962 2493 1027 2523 ista
1055 2491 1190 2524 familia
1215 2496 1300 2523 nato
1331 2491 1436 2522 licere
1463 2500 1607 2533 reguum

184 2538 278 2571 istud
313 2539 499 2582 suscipere.
554 2550 632 2572 narn
662 2538 806 2571 Carolus
848 2539 1055 2581 imperator,
1081 2542 1117 2570 et
1146 2538 1206 2582 qui
1229 2541 1470 2569 successerunt
1496 2546 1605 2579 reges,

184 2585 427 2617 existimantur
461 2586 636 2628 regionem
677 2584 775 2617 illam
812 2583 1000 2616 subiecisse
1027 2589 1062 2616 et
1096 2583 1287 2627 nepotibus
1315 2583 1387 2615 suis
1410 2581 1605 2627 reliquisse.

186 2630 359 2674 Alphonsi
387 2636 502 2663 autem
533 2632 673 2664 fratrem
697 2631 759 2663 tali
785 2629 991 2663 condicione
1028 2630 1064 2662 in
1090 2640 1233 2673 regnum
1259 2628 1486 2667 admiserunt,
1511 2632 1551 2660 ut
1576 2627 1606 2659 si

186 2677 217 2710 ei
243 2682 345 2710 uatus
374 2683 465 2710 esset
494 2678 586 2710 iilius
611 2688 653 2710 ex
681 2687 788 2710 uxore
814 2687 918 2722 quam
946 2676 1094 2708 duxerat
1118 2676 1360 2721 propinquam·
1377 2683 1504 2719 genere
1521 2673 1606 2706 Gal-
