1832 3216
459 189 534 228 DE
573 188 746 228 REBUS
784 184 1039 228 TURCiClS
1066 186 1114 226 L.
1143 188 1215 226 lv.
1485 181 1578 228 187

110 286 274 342 μεγάλα
313 287 592 342 ἐργασάμενοι
635 284 718 328 α’πό
765 283 914 328 τούτου
948 286 1023 340 τήν
1057 301 1102 328 τε
1147 285 1330 339 δύναμιν
1370 284 1582 341 ἀξιόχρεω

111 352 410 395 (ἐπεδείκνυντο
439 350 679 410 ἁπανταχῇ,
711 338 884 407 καῖ’τὴν
916 351 1037 393 πόλιν
1069 351 1250 410 διῴκουν
1279 352 1516 410 οἰκημάτων
1535 369 1581 395 τε

110 421 171 476 τῷ
197 423 421 462 πολυτελεῖ
454 422 528 461 καί
553 421 893 477 μεγαλοπρεπείᾳ
938 419 1082 460 οἰκιῶν
1111 420 1185 460 καί
1211 421 1335 460 ναῶν.
1393 419 1582 475 τριήρεις

111 487 159 528 δὲ
185 483 555 541 ναυπηγησάμενοι
581 485 658 526 οὔκ
689 485 858 539 ὀλίγας,
891 484 966 526 καί
997 485 1199 537 δυνάμεις
1227 485 1582 540 περιβαλλόμενοι

75 551 322 605 δι’σχυρὰς,
368 551 474 606 πρός
500 567 544 594 τε
590 550 688 599 τοὺς
728 553 773 593 ἑν
809 553 859 608 τῇ
890 552 1081 608 θαλάττῃ
1115 550 1325 600 δυνατούς
1355 554 1581 602 δοκοῦντας
1594 562 1628 595 P.
1654 560 1721 596 100

109 620 307 672 γενέσθαι
346 620 717 673 προσενηνεγμένοι
761 617 909 675 φθόνῳ
951 619 1251 671 διεπολέμουν,
1293 619 1379 660 δέει
1408 616 1474 660 ἐπ’
1502 619 1584 660 αυ’-

109 683 208 733 toz),—
237 682 311 726 τόν
339 683 518 738 πόλεμον
555 682 844 739 ἐπιφερόντων
876 686 934 742 τῷ
964 687 1102 726 δοκεῖν
1142 685 1214 726 ε’πί
1243 686 1352 738 μέγα
1380 681 1461 739 ἤδη
1490 702 1580 739 χω-

111 753 242 805 ρῆσαι
285 751 520 803 δυνάμεως.
586 752 659 805 τήν
690 767 732 792 τε
778 751 882 806 πρὸς
920 750 994 792 τὸν
1018 749 1164 794 Ἰόνιον
1190 750 1338 806 χώραν
1368 753 1583 793 ἐκπλέοντι

110 818 175 858 ἐπ’
201 817 430 872 α’ριστεροί,
463 819 531 859 ἐπ’
559 818 694 858 αὐτοῦ
722 816 773 872 δὴ
805 821 883 859 τοῦ
911 819 1085 873 μυχοῦ,
1112 814 1261 872 χώραν
1287 833 1333 859 τε
1362 813 1495 860 οὖσαν
1530 819 1586 859 ου’

54 889 98 939 10
111 881 279 939 φαύλην
310 883 384 925 καί
413 885 555 933 πόλεις
584 886 843 937 εὐδαιζιιοιάς
884 882 1156 939 ὑπηγάγοντο.
1214 882 1287 925 ἐπὶ
1315 883 1359 926 τὸ
1392 887 1577 938 Αἰγαῖον

109 951 287 1004 πέλαγος
316 951 575 1006 ἀφικέσθαι·
635 953 732 1000 τούς
763 967 806 993 τε
837 950 1086 1005 παράπλους
1118 952 1255 992 αὐτοῦ
1282 949 1415 1008 ταύτῃ
1446 967 1576 993 κατα-

107 1016 390 1072 στρεψάμενοι
431 1018 662 1073 Κέρκυραν
705 1034 749 1060 τε
788 1018 1068 1072 ἐχειρώσαντο
1112 1017 1344 1071 σύμπασαν
1380 1021 1454 1060 καί
1494 1015 1578 1061 Εὔ-

106 1081 231 1137 βοιάν
257 1099 300 1126 τε
327 1084 400 1125 καί
431 1085 607 1140 Κρήτην
634 1085 708 1127 καί
723 1084 1055 1139 Πελοποννήσου
1086 1083 1164 1133 τοὶς
1193 1084 1348 1134 πόλεις.
1406 1088 1480 1127 καί
1509 1086 1582 1127 ἐπὶ

109 1150 273 1205 Συρίαν
304 1152 350 1192 δὲ
379 1151 635 1207 α’φικόμενοι
664 1151 815 1209 στόλῳ,
842 1151 916 1192 καί
946 1151 1149 1208 Κυρήνην
1178 1153 1299 1194 πόλιν
1325 1149 1402 1208 ὑφ’
1434 1149 1578 1200 αὖτοΐς

55 1221 99 1255 15
112 1215 408 1272 ποιησάμενοι,
450 1216 614 1272 μεγάλα
643 1219 938 1260 α’πεδείκνυντο
967 1216 1096 1274 ἔργα,
1130 1219 1235 1275 πρός
1262 1235 1308 1260 τε
1339 1218 1440 1268 τοὺς
1468 1223 1578 1272 βαρ-

110 1280 271 1340 βάρους
296 1286 429 1342 ταύτῃ
456 1287 649 1342 πολλαχῇ
679 1287 1127 1339 διαναυμαχήσαντες,
1159 1287 1232 1328 καὶ
1258 1288 1332 1341 τῆς
1360 1285 1583 1341 θαλάσσης

111 1351 188 1405 τῆς
220 1349 338 1400 ἐντὸς
361 1351 624 1407 ἸΙρακλείων
654 1353 818 1406 στηλῶν
861 1350 1231 1407 ἐπικρατήσαντες.
1288 1350 1394 1395 κατά
1423 1369 1468 1395 τε
1496 1353 1622 1395 ΕιῖοΒ

114 1415 259 1473 ρώπην
288 1416 394 1472 πρὸς
429 1416 528 1468 τούς
556 1420 602 1460 ἐν
629 1420 680 1476 τῇ
710 1416 901 1475 θαλάττῃ,
940 1420 1169 1469 δοκοῦντας
1198 1416 1414 1462 δύνασθαι
1447 1416 1584 1461 ὁτιοῦν

116 1485 406 1538 διεπολέμουν.
475 1488 548 1527 καί
574 1487 751 1534 Ἰταλίας
783 1489 927 1538 μέντοι
970 1488 1042 1540 τῆς
1072 1487 1300 1540 παράπλου
1337 1486 1461 1528 οὐδὲν
1492 1482 1516 1526 ὅ
1545 1501 1588 1527 τι

56 1560 103 1595 20
116 1551 190 1592 καί
215 1546 332 1603 ἄξιον
371 1553 498 1608 λόγου
528 1551 792 1607 ὑπηγάγοντο
824 1554 996 1608 σφίσιν,
1027 1550 1089 1594 ὅτι
1121 1552 1180 1607 μὴ
1208 1553 1434 1607 Ῥαβέννην
1465 1552 1587 1594 πόλιν

114 1617 348 1671 εὐδαίμονα
387 1620 713 1674 τελευτήσαντος
741 1622 821 1661 τοῦ
859 1619 904 1661 ἐν
938 1620 1047 1677 αὐτῇ
1077 1618 1300 1674 ἡγεμόνος,
1346 1617 1417 1660 διὰ
1450 1619 1494 1661 τὸ
1524 1618 1584 1673 μὴ

115 1686 159 1735 ἐς
186 1683 233 1728 τό
259 1685 476 1742 ὁμόφυλον
505 1685 614 1727 ἰέναι
644 1689 811 1744 πολέμῳ
840 1687 932 1727 ἀλλ’
959 1687 1033 1728 ἐπί
1060 1684 1163 1735 τούς
1191 1682 1461 1741 ἀλλοφύλους
1489 1687 1584 1726 ’δια-

207 1797 242 1833 6.
269 1802 589 1847 προενηνεγμένοι
612 1800 636 1835 Ρ
700 1800 754 1834 10.
781 1800 864 1847 &nil
890 1800 973 1835 ἔστε
998 1799 1086 1836 ἐπὶῗ
1184 1799 1238 1832 15.
1266 1797 1533 1835 ὑπεδείκνυντο
1560 1799 1584 1832 Ρ

116 1923 271 1960 cumque
295 1913 452 1959 quilibet
466 1914 595 1948 sedulo
620 1914 800 1948 mercibus
818 1913 1066 1960 permutandis
1083 1913 1321 1954 incumberet,
1347 1913 1448 1946 brevi
1466 1913 1584 1946 incre·

117 1961 268 1995 dibilem
291 1962 490 2006 potentiam
509 1962 577 1996 sibi
598 1974 786 2008 peperere.
813 1962 939 1996 urbem
963 1962 1194 1995 basilicarum
1213 1967 1250 1995 et
1274 1961 1461 1994 domorum
1495 1972 1583 1994 nec-

117 2020 192 2043 non
218 2009 435 2055 templorum
464 2010 730 2054 magnificentia
754 2010 1054 2044 condecorarunt.
1106 2010 1267 2043 triremes
1294 2015 1484 2042 extruxere
1509 2020 1585 2041 non

116 2055 286 2096 modicas,
315 2061 352 2090 et
378 2058 609 2090 munimentis
638 2069 675 2090 se
701 2059 943 2091 communiere
968 2057 1190 2090 firmissimis.
1220 2055 1353 2090 deinde
1384 2055 1585 2089 ambitione

117 2103 205 2138 moti
231 2105 372 2137 navalia
398 2105 675 2138 committebant
703 2116 783 2138 cum
822 2105 867 2138 iis
906 2105 969 2150 qui
1010 2105 1118 2148 longe
1146 2105 1292 2150 lateque
1321 2104 1439 2137 navali
1469 2103 1585 2147 gloria

117 2162 304 2185 coruscare
328 2150 556 2185 videbantur.
609 2153 716 2186 etiam
741 2152 778 2185 hi
806 2163 958 2197 quorum
996 2153 1163 2198 potentia
1195 2153 1283 2184 mari
1311 2152 1464 2184 maxima
1495 2155 1585 2190 erat,

117 2197 331 2241 metuebant
357 2198 578 2233 Venetorum
604 2199 780 2233 lacessere
800 2211 914 2233 arma:
944 2199 1036 2233 adeo
1061 2210 1189 2244 magna
1213 2199 1269 2232 his
1292 2202 1490 2231 accesserat
1512 2209 1585 2242 po-

117 2246 244 2280 tentia.
305 2247 486 2290 regionem
523 2252 645 2281 autem
682 2247 780 2281 haud
808 2248 1079 2292 infrugiferam,
1115 2258 1210 2292 quae
1242 2247 1425 2290 naviganti
1455 2255 1475 2277 a
1502 2245 1583 2278 sinu

117 2293 240 2327 versus
262 2293 405 2327 lonium
429 2306 449 2328 a
474 2295 620 2329 sinistra
646 2300 710 2337 est,
737 2300 773 2329 et
797 2294 906 2328 urbes
936 2296 1128 2340 opulentas
1154 2295 1375 2339 subegerunt
1400 2303 1516 2338 usque
1537 2292 1584 2325 ad

119 2351 216 2374 mare
233 2341 426 2384 Aegaeum.
473 2341 580 2376 huius
617 2348 743 2388 portus
769 2354 894 2376 omnes
932 2343 969 2376 in
1007 2347 1223 2388 potestatem
1250 2341 1467 2385 redigentes,
1493 2340 1582 2373 Cor-

120 2399 235 2431 cyram
262 2388 461 2422 universam
487 2390 524 2422 in
549 2389 728 2424 dicionem
755 2396 986 2435 acceperunt.
1016 2396 1193 2436 ceperunt
1218 2389 1400 2422 Euboeam
1427 2393 1465 2421 et
1494 2387 1583 2420 Cre·

120 2441 192 2468 tam
221 2435 534 2483 Peloponnesique
554 2438 673 2472 urbes.
723 2449 803 2471 cum
828 2439 940 2471 classe
967 2444 1143 2471 venerunt
1166 2438 1204 2471 in
1226 2437 1383 2480 Syriam,
1413 2434 1584 2479 subigen-

119 2488 248 2528 tesque
285 2483 459 2525 Cyrenem
486 2484 635 2527 urbem,
674 2496 803 2529 magna
829 2486 997 2518 militaris
1035 2485 1179 2519 virtutis
1214 2484 1308 2517 facta
1334 2482 1587 2526 designabant,

121 2529 262 2575 ubique
299 2541 378 2563 cum
412 2531 573 2566 barbaris
613 2533 753 2578 praelia
791 2533 935 2566 navalia
961 2533 1146 2573 facientes,
1177 2537 1213 2565 et
1237 2542 1333 2564 mare
1364 2531 1585 2571 universum,

123 2576 223 2623 quod
262 2582 317 2610 est
341 2578 432 2612 intra
464 2579 628 2614 Herculis
665 2581 871 2621 columnas,
906 2581 1173 2625 perdomantes.
1241 2579 1349 2611 etiam
1374 2577 1587 2623 pugnabant

122 2624 266 2658 fortiter
288 2630 411 2658 contra
447 2637 510 2659 eos
547 2628 610 2673 qui
646 2633 750 2662 erant
774 2628 813 2661 in
837 2629 1003 2672 Europa,
1033 2632 1068 2660 et
1096 2626 1165 2659 sibi
1194 2624 1389 2658 admodum
1417 2630 1586 2670 potentes

121 2670 349 2705 videbantur.
409 2684 476 2706 nec
499 2675 665 2708 oratione
690 2675 836 2719 dignum
863 2681 954 2720 puto
992 2673 1091 2720 quod
1123 2685 1196 2707 non
1225 2672 1486 2717 adnavigarunt
1511 2673 1586 2705 lta-

122 2717 206 2759 liae,
231 2730 300 2752 nec
325 2718 393 2752 sibi
418 2720 651 2756 subiecerunt
675 2723 878 2756 Ravennam
895 2746 904 2763 ,
930 2721 1055 2755 urbem
1081 2721 1303 2766 opulentam,
1328 2720 1492 2766 principe
1517 2719 1586 2752 hu-

123 2765 179 2799 ius
205 2765 390 2808 defuncto,
421 2769 508 2813 ‘issi-‘¹
533 2779 662 2815 nempe
686 2781 761 2804 non
786 2770 953 2804 solebant
978 2774 1103 2803 contra
1130 2768 1289 2802 eiusdem
1318 2769 1435 2814 gentis
1454 2773 1491 2801 et
1507 2779 1588 2800 cor-
