1858 3210
479 149 551 188 DE
584 147 755 188 REBUS
794 146 1045 188 TURClClS
1083 148 1129 187 L.
1158 150 1228 188 VI.
1500 141 1592 187 321

134 251 312 308 μεγάλα,
340 244 447 291 ὥστε
477 245 819 299 διαπράττεσθαι
861 248 986 301 σφίσι
1025 246 1098 300 τήν
1130 246 1271 302 ἀρχὴν
1300 249 1370 302 τῆς
1399 263 1441 289 τε
1469 247 1600 290 Ἀττι-

135 322 210 375 κῆς
237 315 328 370 ἅμα
358 317 431 356 καί
442 314 668 363 Βοιωτίας,
695 311 753 360 ὦς
773 313 1009 362 ἐξελαύνων
1031 314 1077 354 ἐκ
1097 314 1170 366 τῆς
1190 312 1350 364 πόλεως
1379 313 1601 366 ἐπορεύετο

134 383 252 440 παρὰ
282 381 484 437 βασιλέα,
511 381 554 422 οἳ
582 378 843 434 προέστησαν
880 379 958 420 τοῦ
989 377 1138 433 δήμου,
1170 379 1272 421 κατά
1309 380 1356 421 τὸ
1388 380 1496 434 πρὸς
1523 381 1601 422 αὔ-

134 451 209 494 τὸν
250 445 604 500 Χαλκοκονδύλην
651 443 780 498 ἔχθος
819 441 896 499 τήν
938 460 982 486 τε
1033 450 1213 499 γυναῖκα
1262 450 1341 487 τοῦ
1374 447 1602 489 Ἀντωνίου

100 517 276 574 ὅᾶπάτῃ
305 512 548 569 παρήγαγον
588 512 634 552 ἐκ
659 512 735 565 τῆς
765 509 1062 565 α’κροπόλεως,
1093 511 1168 553 καί
1191 511 1291 561 τους
1320 511 1605 568 προσήκοντας

134 583 358 627 Ἀντωνίου
397 578 658 621 καθίστασαν
698 575 952 631 τυράννους,
982 578 1056 619 καί
1091 576 1138 620 τὸ
1178 580 1295 632 γένος
1338 577 1607 629 ἐξελάσαντες

137 648 260 691 advoc
307 645 478 700 ἴσχουσι
518 643 594 697 τήν
626 643 760 686 πάλιν.
831 643 1060 696 ἐπιγαμίαν
1102 644 1150 685 δὲ
1187 643 1464 699 ποιησάμενοι
1500 646 1607 700 πρὸς

135 713 213 770 τὴν
241 717 420 769 γυναῖκα
448 712 523 753 τοῦ
542 707 773 752 Ἀντωνίου
805 706 879 750 ἐπί
918 711 1033 766 &engi
1062 711 1191 764 αὐτῆς
1218 712 1342 752 παιδί
1370 708 1534 769 dra-9153,
1564 713 1606 759 ἐς

134 778 214 835 τήν
242 777 470 832 α’κρόπολιν
496 777 711 829 παρῆσαν.
780 773 852 815 καί
880 773 934 814 ου’
962 777 1102 832 πολλῷ
1129 771 1307 830 ὕστερον
1336 778 1608 830 ἐκβάλλοντες

82 856 125 890 10
137 843 212 900 τὴν
240 843 488 899 ἀκρόπολιν,
530 840 605 882 καί
630 842 746 894 γε’νος
777 840 897 894 ἡμῶν
924 838 1228 897 ἐξελαύνοντες,
1259 841 1310 884 τοὶ
1344 846 1417 898 τῆς
1446 842 1650 892 πόλεωςῦ

136 910 368 966 πράγματα
398 907 542 962 ἔσχον.
611 905 632 947 ὁ
658 908 736 959 μὲν
769 907 820 959 δὴ
853 906 1206 962 Χαλκοκονδύλης
1239 908 1497 964 ἀφικόμενος
1526 927 1608 951 πα-

136 976 190 1032 ρὰ
218 976 398 1030 βασιλέα
427 976 470 1023 ἒς
500 970 697 1030 φυλακήν
740 975 885 1024 μέντοι
915 972 1014 1025 περὶ
1052 973 1182 1015 αὐτὸν
1209 975 1384 1029 ἐγένετο,
1416 973 1499 1017 ὑπὸ
1530 980 1609 1029 βα·

133 1044 286 1091 σιλέως
313 1039 582 1094 κελευόμενος
617 1040 886 1092 παραδοῦναι
916 1037 994 1093 τὴν
1020 1041 1183 1095 χώραν.
1258 1040 1317 1090 ὥς
1346 1044 1394 1084 δὲ
1423 1041 1611 1096 ὕποσχό-

134 1124 260 1163 μενος
286 1109 329 1158 ἐς
355 1112 468 1163 τρεῖς
499 1105 718 1160 μυριάδας
747 1108 930 1160 χρυσίου
961 1101 1084 1148 οὐδὲν
1119 1124 1161 1149 τι
1191 1105 1393 1163 ἔπρασσε,
1428 1108 1610 1162 στρατὸν

81 1184 124 1218 15
138 1177 184 1218 δὲ
217 1173 399 1217 ἐπύθετο
427 1175 695 1228 πεπομφέναι
715 1174 896 1225 βασιλέα
925 1173 999 1214 ὲπί
1024 1175 1234 1216 Βοιωτίαν
1263 1175 1320 1224 αἷς
1347 1175 1424 1230 τὴν
1455 1177 1610 1231 Θηβῶν

134 1240 260 1284 πόλιν
304 1238 706 1296 παραστησόμενον,
749 1236 1003 1293 διεπράξατό
1037 1255 1081 1282 τε
1119 1242 1193 1282 καί
1222 1241 1388 1294 άπέδρα
1420 1243 1491 1283 ἐπὶ
1518 1245 1608 1284 Βυ-

137 1309 319 1360 ζάντιον,
349 1304 594 1349 καταλιπών
621 1302 717 1354 τούς
743 1320 788 1347 τε
831 1303 1098 1360 θεράποντας
1128 1309 1201 1348 καί
1228 1306 1384 1361 σκηνάς
1416 1306 1509 1361 ἅμα
1538 1308 1610 1350 καί

132 1371 360 1428 ὑποζύγια.
428 1370 581 1425 ἐπιβὰς
624 1373 672 1413 δὲ
709 1370 813 1419 νειὸς
841 1370 924 1412 ἀπὸ
964 1371 1206 1423 Βυζαντίου
1254 1371 1372 1415 ἔπλει
1415 1374 1488 1416 ἐπὶ
1532 1374 1608 1428 τήν

135 1437 475 1494 Πελοπόννησον.
546 1440 620 1479 καί
662 1438 852 1479 ἐνταῦθα
892 1439 988 1491 νῆες
1018 1440 1155 1479 αὐτοῦ
1194 1443 1500 1494 περιπλέουσαι
1526 1442 1608 1483 τῶν

75 1519 122 1553 20
134 1505 352 1560 τυράννων
382 1507 456 1559 τῆς
484 1505 671 1558 Ἀττικῆς
709 1502 1062 1556 συλλαμβάνουσί
1085 1520 1130 1546 τε
1158 1504 1203 1548 τὸ
1237 1510 1391 1562 πλοῖον,
1422 1509 1496 1550 καί
1523 1509 1604 1550 αὐ·-
1621 1515 1744 1550 Ρ.170

130 1573 206 1616 τὸν
235 1569 400 1620 ἑλόντες
432 1567 785 1624 Χαλκοκονδύλην
815 1570 1026 1624 α’νήγαγον
1054 1570 1171 1624 παρὰ
1199 1575 1380 1622 βασιλέα
1416 1575 1600 1627 δέσμιον.

128 1638 329 1694 βασιλεῦς
359 1640 438 1692 μὲν
471 1633 547 1680 οὖν
575 1639 694 1694 αὐτῷ
725 1638 864 1692 α’φῆκε
907 1636 984 1691 τήν
1013 1636 1157 1679 αἰτίαν
1186 1642 1260 1679 καί
1286 1641 1485 1695 συνέγνω,
1514 1658 1602 1695 μη-

130 1707 201 1748 δὲν
228 1707 300 1749 ἐπὶ
319 1705 454 1763 τούτῳ
489 1700 813 1758 αἰτιασάμενος·
875 1703 1002 1753 αὐτὸς
1022 1706 1169 1757 μέντοι
1197 1704 1270 1754 τάς
1299 1711 1412 1761 τρεῖς
1440 1707 1600 1763 μυριά-

222 1818 258 1853 8.
282 1819 321 1858 ἐς
345 1819 390 1860 T,
413 1820 477 1853 καὶ
496 1819 520 1852 Ρ

130 1923 283 1963 tissimi,
312 1920 397 1956 odio
433 1920 732 1965 Chalcocondylis
755 1923 867 1963 moti,
897 1934 1043 1957 uxorem
1077 1924 1224 1957 Antonii
1256 1922 1342 1958 dolo
1367 1924 1599 1959 deduxerunt

133 1981 180 2004 ex
205 1981 297 2011 arce,
323 1976 363 2004 et
385 1970 533 2003 Antonii
569 1971 794 2015 propinquos
820 1971 859 2003 in
892 1971 1134 2015 principatum
1159 1979 1428 2015 promoverunt,
1458 1975 1598 2007 uxoris-

133 2028 206 2064 que
233 2028 345 2061 genus
369 2017 459 2050 urbe
483 2017 708 2062 expellentes
741 2018 809 2062 ipsi
846 2017 1028 2050 civitatem
1066 2023 1228 2051 tenuere.
1279 2019 1486 2054 affinitatem
1513 2032 1596 2054 vero

133 2065 325 2110 iungentes
364 2075 444 2097 cum
480 2075 589 2098 uxore
614 2065 763 2097 Antonii
788 2065 827 2097 in
852 2064 929 2098 filio
961 2065 1158 2109 adoptivo,
1189 2066 1265 2099 viro
1293 2067 1392 2100 haud
1417 2069 1597 2113 improbe,

132 2107 179 2146 in.
196 2122 313 2145 arcem
353 2111 551 2145 redierunt.
603 2123 670 2144 nec
703 2117 825 2145 tamen
863 2111 976 2145 multo
1013 2118 1094 2157 post
1132 2113 1280 2158 expulsa
1309 2115 1462 2149 muliere
1488 2118 1597 2149 Acro-

131 2159 245 2204 polim
272 2165 495 2203 occuparunt
511 2184 520 2199 ,
547 2164 583 2192 et
615 2170 687 2192 rem
713 2159 896 2204 publicam
924 2159 1128 2200 obtinuere,
1155 2161 1270 2194 eiecta
1296 2169 1418 2196 nostra
1445 2163 1593 2196 familia.

132 2205 443 2250 chalcocoudyles
482 2211 522 2240 ut
552 2206 653 2239 venit
681 2206 727 2239 ad
754 2217 898 2251 regem,
925 2212 1051 2252 captus
1079 2213 1116 2240 et
1141 2209 1180 2240 in
1204 2219 1381 2242 carcerem
1407 2211 1593 2244 coniectus

131 2259 200 2294 est,
230 2255 346 2287 iussus
370 2252 519 2287 reddere
547 2254 742 2297 regionem.
807 2265 888 2287 cum
914 2259 1034 2287 autem
1059 2254 1295 2299 polliceretur
1322 2258 1469 2301 triginta
1496 2259 1596 2290 milia

132 2311 348 2342 aureorum,
386 2312 432 2334 ne
463 2301 514 2334 sic
541 2300 685 2346 quidem
723 2299 862 2334 efficere
891 2303 1085 2347 quicquam
1126 2303 1258 2346 potuit.
1322 2310 1509 2350 acceperat
1539 2307 1596 2338 in-

133 2353 232 2381 terea
268 2358 386 2392 regem
425 2348 621 2381 exercitum
647 2349 787 2381 misisse
822 2355 946 2382 contra
986 2349 1184 2390 Boeotiam,
1222 2355 1262 2384 ut
1290 2350 1436 2385 Thebas
1470 2352 1594 2385 urbem

133 2400 337 2440 occuparet.
402 2396 478 2440 ipse
517 2395 661 2428 interim
702 2394 799 2428 haud
836 2396 1000 2429 cessabat
1044 2395 1172 2429 sedulo
1209 2408 1337 2441 agere,
1378 2399 1492 2432 sicubi
1535 2400 1596 2432 fu·-

133 2453 199 2487 gae
231 2441 379 2476 ‹lna-etur
419 2443 582 2483 occasio,
621 2448 662 2476 ut
698 2443 889 2487 aufugeret
924 2443 1146 2486 Byzantium.
1208 2456 1301 2490 quae
1338 2445 1401 2478 ubi
1442 2448 1594 2491 primum

133 2490 256 2523 oblata
297 2494 376 2530 est,
417 2489 543 2522 relicto
584 2489 818 2523 tabernaculo
856 2496 895 2524 et
942 2491 1112 2523 iumentis
1158 2492 1320 2536 profugit
1363 2494 1594 2536 Byzantium3

131 2536 262 2582 ibique
303 2545 495 2570 conscensa
535 2536 618 2570 navi
654 2537 765 2570 solvit
799 2538 837 2570 in
875 2538 1177 2583 Peloponnesum.
1239 2550 1348 2572 naves
1389 2541 1498 2584 igitur
1531 2543 1595 2575 At-

132 2583 226 2618 ticae
260 2584 416 2628 regionis
440 2584 643 2628 principum
680 2594 746 2628 per
777 2595 872 2618 mare
910 2585 1120 2618 oberrantes
1158 2597 1286 2619 navem
1330 2586 1502 2632 fugientis
1533 2601 1596 2622 ca-

132 2631 265 2677 piunt,
304 2636 341 2664 et
385 2631 500 2675 ipsum
535 2629 850 2674 Chalcocomlylen
891 2633 1052 2665 vinctum
1101 2631 1346 2676 perduxerunt
1381 2635 1426 2668 ad
1466 2648 1596 2682 regem.

133 2689 197 2712 rex
220 2679 254 2712 ei
280 2678 493 2711 delictorum
529 2678 669 2710 veniam
694 2677 818 2720 dedit,
856 2678 948 2712 nihil
983 2689 1064 2712 eum
1098 2685 1247 2723 propter
1271 2679 1405 2715 delicta
1435 2684 1596 2730 culpans.

134 2736 214 2759 cum
258 2731 381 2759 autem
423 2725 492 2770 ipsi
533 2730 767 2769 poscerentur
812 2726 958 2770 triginta
1000 2725 1100 2758 milia
1146 2737 1360 2769 aureorum,
1401 2733 1596 2776 responde-

220 2799 554 2844 Chalcocondylas.
1306 2803 1350 2835 21
