1858 3210
493 167 567 208 DE
603 166 776 207 REBUS
817 161 1073 204 TURClClS
1113 163 1161 202 L.
1189 162 1259 202 lX.
1496 155 1593 200 503

244 267 387 308 Ταῦτα
418 266 496 316 μὲν
525 259 600 307 οὖν
627 261 686 314 αἷς
728 264 944 319 ἠγγέλλετο
978 264 1153 314 βασιλεῖ
1174 261 1400 318 Μεχμέτῃ,
1428 256 1529 308 τούς
1554 273 1599 300 τε

43 382 50 389 Ἴ
126 333 324 388 πρέσβεις
351 326 485 373 αὐτοῦ
514 331 810 388 διαφθαρῆναι
837 327 920 370 ὑπὸ
951 326 1126 371 Βλάδου
1151 330 1227 370 τοῦ
1254 327 1417 377 Δακιάς
1446 323 1637 381 ἦγεμό-(Ζ

11 402 50 440 ‘'.
128 411 221 452 νος,
247 395 321 438 καὶ
362 398 599 449 Χαμουζᾶν
647 391 783 450 ἄνδρα
818 391 1042 446 εῧὸὀκιμρν
1079 395 1165 435 τῶν
1206 393 1416 446 βασιλέως
1450 393 1599 446 θυρῶν

130 459 245 505 οὕτω
273 465 320 504 ἐν
347 463 490 504 ου’δενί
522 457 631 520 λόγῳ
663 463 914 516 α’ποθανεῖν,
955 456 1116 514 ἤχθετο
1143 461 1223 511 μὲν
1264 454 1332 501 οἷα
1365 457 1500 510 εἰκός,
1527 459 1602 500 καί

95 522 346 583 ἐδεινότερα
376 530 553 571 ἐποιεῖτο
582 530 622 571 εἰ
650 523 808 582 ἄνδρας
825 526 938 584 αὐτῷ
967 525 1186 574 τοιούτους
1205 524 1458 579 περιόψεται
1486 519 1599 567 οὕτω

129 597 461 652 διαφθαρέντας,
484 595 676 638 κάκεῖνον
696 597 757 645 εἰς
783 595 906 636 τοῦτο
925 590 1089 648 ὕβρεως
1108 589 1367 649 ἀφικόμενον
1397 588 1506 634 ὥστε
1526 592 1602 632 καί

129 660 231 711 τούς
258 664 455 715 πρέσβεις
485 659 976 718 αὔτῷιδιαχρήσασθαι,
1009 657 1069 713 μή
1099 659 1388 713 τιμωρήσεται
1418 657 1490 700 τὸν
1518 657 1600 712 φό-

129 744 201 771 νον
222 730 392 772 ἐκείνων
419 729 503 770 τῶν
549 724 693 770 αὐτῶν
717 727 1069 781 εἰσπραττόμενος
1110 723 1184 767 τὸν
1214 727 1285 779 τῆς
1310 727 1475 772 Δακιάς
1503 723 1600 778 ἦγε-

128 795 265 849 μόνα·
322 789 477 850 ἤχθετο
517 797 659 849 μέντοι
689 793 764 836 καί
791 792 909 848 τόδε,
948 790 1014 834 ὅτι
1058 791 1132 834 τὸν
1148 787 1313 846 Ἴστρον
1340 791 1491 844 διαβάς
1518 791 1600 834 σύν

73 869 117 904 10
129 862 247 917 χειρὶ
263 864 396 918 πολλῇ
423 861 499 903 καί
541 861 761 916 ἐμπρήσας
798 859 873 914 τήν
900 861 1109 912 βασιλέως
1152 859 1301 913 χώραν
1345 858 1417 899 καὶ
1469 856 1602 914 φόνον

28 918 34 932 ²
127 930 213 971 τῶν
238 944 284 970 τε
315 926 546 985 ὁμοφύλων
573 928 691 985 αὐτῷ
728 925 1015 982 ἐργασάμενος
1055 924 1190 968 ὀπίσω
1222 926 1404 968 ἐλαύνοι.
1460 925 1601 982 πολλῷ

127 996 176 1038 δὲ
204 993 365 1037 τούτων
405 993 623 1050 δεινότερα
653 994 811 1046 ἐποίει,
857 994 1034 1034 τοιαῦτα
1074 989 1175 1042 τούς
1218 989 1376 1034 ἑαυτοῦ
1400 993 1643 1046 πρέσβειςι)

125 1061 405 1116 ἐργάσασθαι.
473 1056 575 1102 ὅθεν
617 1059 668 1115 δὴ
711 1057 932 1114 ἁπανταχῇ
968 1059 1280 1113 περιαγγέλλων
1318 1062 1406 1107 τοῖς
1433 1072 1478 1098 τε
1507 1053 1600 1111 ἆρί.

127 1141 245 1174 στοις
270 1126 344 1168 καί
373 1131 461 1175 τοῖς
497 1121 641 1175 ἄλλοις
687 1124 793 1167 κατὰ
836 1123 956 1180 λόγον
993 1121 1251 1180 προηγόρευε
1291 1125 1500 1181 καλλίστῳ
1533 1123 1600 1164 κό-

73 1204 116 1239 15
128 1208 221 1249 σμῳ
247 1190 496 1243 ἐλαύνοντας
537 1192 611 1235 καί
640 1194 977 1245 ἐξωπλισμένους
1005 1196 1202 1247 παρεῖναι
1231 1191 1346 1249 αύτῷ
1375 1189 1427 1232 τὰ
1466 1207 1599 1245 στρα-

125 1259 318 1312 τεύματα
350 1261 623 1311 ἐξελαύνοντι.
652 1260 728 1315 τήν
755 1261 835 1313 μὲν
866 1254 942 1300 οὖν
963 1256 1165 1313 στρατιάν
1185 1254 1298 1300 οὕτω
1327 1253 1601 1314 παρεσκευά-

130 1327 224 1379 ζετο
245 1324 325 1387 ᾄπί
351 1326 454 1376 τούς
483 1325 674 1377 Δακούς·
708 1327 874 1380 λέγεται
903 1327 950 1367 δὲ
980 1325 1054 1367 καί
1079 1323 1186 1379 τόδε,
1215 1321 1274 1373 ὥς
1297 1324 1598 1381 Μαχουμούτῃ

126 1394 184 1449 τῷ
214 1382 401 1448 ἧγεμόνι,
453 1389 517 1434 ὅτι
541 1395 616 1447 τῆς
653 1393 848 1447 ἀγγελίας
877 1389 1084 1446 πρότερον
1109 1389 1267 1432 τούτων
1294 1387 1355 1432 ἔτι
1386 1389 1600 1446 ἀφικομέ-

129 1474 202 1513 νης
231 1459 334 1512 περί
356 1473 399 1500 τε
415 1460 493 1500 τοῦ
513 1458 647 1514 φόνου
675 1459 760 1499 τῶν
789 1459 1006 1512 πρέσβεων
1024 1455 1098 1498 καί
1112 1457 1328 1509 Χαμουζᾶ
1354 1458 1433 1497 τοῦ
1458 1453 1597 1510 ὑπάρ-

70 1538 209 1577 ροχου
238 1526 312 1565 καί
340 1526 416 1565 τοῦ
446 1525 703 1579 ἐμπρησμοῦ
741 1524 815 1577 τῆς
841 1520 1010 1578 χώρας,
1036 1517 1133 1563 οὔτε
1162 1521 1301 1576 εὖρῶν
1329 1521 1445 1576 παρὰ
1474 1525 1598 1575 βασι-

127 1591 202 1632 λέα
232 1590 512 1645 ἀπηγγέλλετο
540 1589 590 1631 τοὶ
621 1589 823 1644 γενόμενα
852 1587 970 1644 παρὰ
999 1590 1155 1631 Δακῶν
1185 1589 1228 1638 ἐς
1259 1587 1358 1637 τούς
1387 1591 1599 1642 βασιλέως

129 1651 303 1712 ἄνδρας,
331 1659 406 1698 καί
429 1658 628 1710 χαλεπαῖς
655 1651 814 1711 ἤνεγκε.
858 1658 1022 1710 λέγεται
1057 1657 1104 1696 δὲ
1131 1652 1190 1704 ὦς
1220 1657 1292 1696 καί
1318 1655 1480 1710 πληγὰς
1511 1657 1597 1698 ε’νέ-

125 1727 230 1776 βαλε
258 1724 315 1780 τῷ
343 1718 483 1778 α’νδρί.
557 1723 770 1776 νομίζεται
814 1723 860 1763 δὲ
901 1723 974 1763 καί
1015 1722 1138 1763 τοῦτο
1170 1723 1212 1772 ἐς
1241 1721 1317 1771 τὰς
1345 1719 1486 1776 θύρας
1517 1723 1641 1765 τοῦΡ.
1659 1731 1729 1766 268

206 1812 278 1868 ¹21.
304 1835 434 1885 usqe-P

220 1937 318 1970 Haec
345 1941 384 1970 ut
417 1936 528 1969 allata
561 1941 646 1970 sunt
678 1935 725 1969 ad
752 1947 869 1981 regem
897 1936 1161 1976 Mechmetem‚
1189 1945 1319 1981 nempe
1348 1935 1485 1980 legatos
1510 1947 1592 1969 suos

129 1983 236 2017 foede
268 1995 289 2016 a
320 1982 434 2016 Blado
472 1984 603 2017 Daciae
629 1983 719 2017 duce
748 1988 957 2030 peremptos
975 2007 986 2025 ‚
1021 1989 1058 2017 et
1082 1983 1315 2023 Chamuzem,
1356 1984 1472 2015 virum
1498 1983 1593 2016 inter

127 2031 254 2064 innuas
281 2031 504 2076 primarium,
530 2031 620 2064 adeo
647 2032 879 2075 contemptim
920 2037 956 2064 et
981 2031 1217 2075 ignominiose
1243 2030 1402 2075 periisse,
1427 2030 1591 2064 dolorem

129 2083 166 2112 et
191 2089 386 2112 maerorem
421 2079 495 2122 regi
520 2084 709 2112 moverunt
742 2078 1046 2124 quemadmodum
1073 2078 1267 2111 verisimile
1290 2083 1353 2110 est.
1403 2077 1497 2110 illud
1525 2089 1592 2110 au-

128 2131 199 2159 tem
229 2126 336 2169 longe
371 2126 617 2170 gravissimum
654 2125 832 2166 ducebat,
866 2126 895 2158 si
931 2125 1134 2170 despiceret
1164 2126 1257 2158 viros
1282 2124 1592 2171 tautos‘talesque

128 2184 220 2218 quos
249 2173 440 2214 amisisset,
462 2184 530 2206 nec
558 2174 734 2206 ultionem
764 2174 933 2216 exigeret,
958 2173 1168 2218 praesertim
1195 2184 1274 2205 cum
1308 2184 1350 2204 eo
1381 2173 1592 2205 iniuriarum

128 2227 166 2254 et
189 2221 433 2254 contumeliae
474 2221 710 2265 processisset
751 2220 879 2253 Bladus
917 2225 956 2253 ut
991 2231 1058 2253 nee
1098 2220 1296 2263 ablegatis
1322 2219 1501 2252 violandis
1527 2221 1592 2251 ab-

127 2267 307 2301 stinuerit.
371 2267 521 2301 dolebat
562 2273 748 2312 praeterea
790 2269 884 2312 regi,
916 2267 1069 2300 Bladum
1105 2268 1196 2300 Istro
1235 2267 1441 2300 transmisso
1464 2278 1593 2311 magna

126 2325 232 2347 manu
267 2325 366 2348 suam
407 2315 589 2359 regionem
627 2314 850 2355 incendisse,
887 2321 924 2348 et
962 2326 1090 2359 magne
1131 2325 1274 2347 suorum
1301 2314 1410 2346 caede
1435 2313 1530 2346 edita
1554 2315 1593 2347 in

126 2362 275 2394 Daciam
302 2361 465 2395 rediisse.
514 2373 636 2396 verum
663 2362 762 2407 quod
789 2367 890 2395 tanta
924 2363 1137 2395 crudelitate
1170 2362 1308 2405 legatos
1333 2372 1415 2394 suos
1440 2366 1592 2394 tractas-

126 2413 192 2448 set,
220 2409 368 2454 reliquis
392 2410 506 2443 maius
532 2415 568 2443 et
597 2410 752 2443 atrocius
786 2409 980 2443 iudicabat.
1040 2410 1165 2454 itaque
1199 2408 1331 2447 edixit,
1371 2409 1591 2442 annuntians

126 2455 366 2501 optimatibus
390 2457 462 2489 suis
487 2462 524 2490 et
549 2457 648 2498 aliis,
674 2462 714 2490 ut
747 2467 854 2502 quam
898 2456 1138 2502 pulcherrime
1176 2456 1283 2488 armis
1318 2456 1483 2488 instructi
1511 2467 1589 2489 cum

127 2502 345 2536 exercitibus
375 2503 596 2545 adveniant,
637 2509 748 2550 atque
773 2516 846 2538 una
888 2515 1008 2538 secum
1036 2504 1075 2536 in
1108 2503 1277 2536 militiam
1302 2503 1587 2547 proficiscantur.

127 2555 164 2583 et
203 2549 350 2596 quidem
386 2550 455 2584 hoc
489 2556 596 2596 pacto
636 2551 905 2597 expeditionem
938 2556 1062 2584 contra
1086 2551 1201 2583 Dacos
1225 2550 1385 2594 suscepit
1409 2561 1481 2583 rex.
1531 2550 1588 2583 se-

127 2603 211 2630 runt
236 2602 423 2642 praeterea
456 2598 693 2631 Mechmetem
730 2598 881 2639 ducem,
923 2604 1117 2643 autequam
1154 2596 1280 2630 caedes
1315 2598 1514 2641 legatorum
1552 2603 1589 2631 et

127 2643 314 2678 Chamuzis
340 2645 512 2689 praefecti
541 2651 578 2678 et
606 2646 762 2689 regionis
796 2645 1000 2679 incendium
1042 2645 1282 2685 nuntiaretur,
1311 2644 1486 2677 indicasse
1514 2645 1588 2689 regi

127 2703 221 2736 quae
248 2691 417 2725 fecissent
445 2693 531 2725 Daci
570 2692 652 2725 viris
685 2693 800 2736 regiis.
859 2693 991 2738 quibus
1027 2692 1161 2724 auditis
1198 2693 1350 2736 graviter
1380 2691 1588 2736 indignatus

128 2743 205 2782 θεῖς
232 2739 340 2772 etiam
366 2739 443 2773 viro
468 2739 531 2785 qui
549 2738 638 2773 haec
662 2746 891 2786 exposuerat,
914 2739 1061 2775 verbera
1085 2738 1226 2773 inflixit.
1275 2750 1343 2773 nec
1369 2740 1464 2774 euim
1482 2746 1588 2786 turpe
