1858 3210
493 144 565 186 DE
608 146 778 187 REBUS
816 146 1068 187 TURClClS
1107 148 1154 187 L.
1177 149 1268 186 vn.
1513 141 1609 186 333

141 251 214 293 ,θει
241 247 321 301 γὰρ
349 248 478 300 γένος,
509 245 617 300 μετά
648 262 693 300 γε
712 245 881 296 Σκύθας
910 246 1004 295 τούς
1033 247 1220 299 νομάδας
1248 244 1411 288 πάντων
1443 243 1494 299 δὴ
1526 242 1614 298 μοί-

135 318 271 358 λιστα
301 307 360 355 ῶν
388 313 510 368 ἡμεῖς
539 311 674 366 ἴσμεν,
694 314 852 368 φεῦγον
877 308 1006 360 αὖθις
1035 315 1322 363 ξυνίστασθαί
1338 327 1383 354 τε
1402 312 1516 369 αι’τῷ
1543 311 1620 353 καί

105 409 108 412 Δ
145 379 367 421 ἐπανιέναι
407 379 566 436 ῥᾳδίως
604 379 678 419 καί
719 367 846 427 αὖθις
889 376 931 426 ἐς
967 376 1045 431 τήν
1072 374 1225 433 μάχην,
1255 376 1329 419 καὶ
1359 376 1652 433 τρεπόμενονῦ

135 447 364 501 ἐιῖπετῶς,
401 442 498 486 ὅποι
540 442 592 487 ἂν
619 444 736 500 αὐτῷ
775 446 1025 498 λυσιτελοίη.
1083 442 1121 485 οἱ
1152 447 1294 496 μέντοι
1319 446 1457 493 Δᾶκες
1486 446 1530 485 ἑν
1559 445 1616 499 τῷ

112 511 320 569 ὅθορύβῳ
348 511 485 569 τούτῳ
511 513 583 566 τῆς
613 511 781 566 μάχης,
824 507 882 559 ῶς
910 508 1056 563 ἑώρων
1085 512 1186 558 τους
1213 509 1436 559 Ἀσιανοὺς
1466 512 1508 560 ἐς
1533 526 1616 566 φυ-

145 575 222 632 γῆν
249 579 559 632 τρεπομένους,
605 578 745 619 οὐκέτι
780 575 833 630 δή
866 577 1056 619 ἐνταῦθα
1085 575 1290 629 ἐπέσχον,
1319 577 1415 618 αλλ’
1448 579 1490 626 ἐς
1518 576 1617 623 τούς

147 645 359 697 βασιλέως
385 642 633 699 θησαυρούς
669 641 928 697 τραπόμενοι
976 642 1211 697 διήρπαζον
1255 644 1306 684 τα
1338 658 1384 683 τε
1411 641 1617 696 χρήματα

142 709 223 752 νιιοεί
247 709 322 752 τὸν
346 712 555 763 βασιλέως
592 711 791 761 κοιτῶνα,
823 711 898 750 καί
925 709 1003 758 τὰς
1035 707 1251 763 καμήλους
1293 708 1509 764 ἐφόνευον,
1539 709 1618 749 α’λ-

150 776 293 832 λήλοις
321 777 674 828 διακελευόμενοι.
754 773 810 825 ὥς
844 777 890 817 δὲ
919 773 1044 830 ἔργου
1076 774 1242 829 εἴχοντο
1271 775 1346 815 καί
1371 773 1525 823 ἱκανῶς
1557 771 1617 815 εἶ-

93 858 138 893 10
151 857 230 896 χον
261 845 337 898 τῆς
366 844 621 896 διαρπαγῆς,
654 842 794 884 οὐκέτι
825 841 957 891 ἰόντες
989 843 1031 890 ἐς
1062 840 1204 896 μάχην
1232 839 1544 895 παρετάσσοντο
1573 843 1617 883 ἐν

149 910 322 960 ου’δενί,
362 908 452 950 ἀλλ’
483 910 556 950 ἐπὶ
583 909 628 951 τὸ
671 907 836 951 ἑαυτῶν
866 906 1146 961 στρατόπεδον
1172 902 1369 962 ἤλαυνον.
1423 906 1617 962 Ἰωάννης

148 976 228 1027 μὲν
268 970 372 1028 οὖν,
417 971 475 1024 ῶς
517 976 724 1029 ἐτρέψατο
770 977 844 1029 τ’ἧς
873 973 1021 1023 Ἀσιάς
1058 973 1317 1028 στράτευμα,
1346 973 1518 1030 ἄφίκετο
1548 973 1621 1015 ἐπὶ

149 1041 398 1086 Λαδίσλαον
424 1044 604 1094 βασιλέα
622 1075 634 1096 ,
670 1042 888 1096 παραινῶν
931 1041 1045 1097 αύτῷ
1074 1041 1278 1082 ἵστασθαι
1308 1039 1383 1082 καί
1410 1039 1619 1095 ἱδρῦσθαι

148 1107 256 1152 κατὰ
289 1103 450 1164 χώραν,
479 1109 587 1163 μηδὲ
619 1111 809 1163 προϊέναι
838 1123 910 1149 ποι
939 1110 1239 1161 συμβαλοῦντα
1270 1112 1358 1156 τοῖς
1385 1106 1660 1160 πολεμιόις,ι)

95 1192 138 1226 15
151 1176 207 1225 ὥς
235 1171 288 1218 ἂν
315 1174 529 1217 ἐπανιόντι
559 1176 664 1216 κατὰ
692 1175 766 1216 τοῦ
792 1176 1001 1228 βασιλέως
1039 1173 1226 1227 χαλεπὸν
1253 1172 1454 1228 α’ποβαιή,
1483 1189 1618 1214 κατα-

151 1241 266 1298 φυγὴ
297 1241 341 1284 ἐκ
369 1243 444 1296 τῆς
468 1239 610 1295 μάχης
638 1242 807 1295 γένοιτο.
867 1243 940 1282 καί
971 1241 1186 1294 παρεγγύα
1216 1241 1368 1294 μηδενί
1394 1241 1477 1281 τῶν
1507 1241 1617 1295 ἄμφ’

151 1307 282 1350 αὑτὸν
310 1309 547 1362 ἐπιτρέπειν
577 1304 683 1364 ἄλλῃ
714 1325 770 1365 πῃ
803 1309 988 1360 α’πιέναι,
1017 1308 1107 1348 ἀλλ’
1139 1306 1272 1349 αὐτοῦ
1300 1308 1501 1359 μένοντας
1527 1307 1614 1348 ἐπι·
1633 1322 1767 1357 ν,138

150 1377 305 1430 μένειν,
334 1377 378 1424 ἐς
408 1371 432 1415 ὃ
457 1372 507 1416 ἂν
527 1374 823 1428 μαχεσάμενος
852 1372 927 1415 καί
954 1373 998 1415 τὸ
1034 1373 1109 1428 τῆς
1138 1370 1349 1428 Εὐρώπης
1375 1372 1620 1426 στράτευμα

152 1441 419 1496 τρεψάμενος
449 1442 780 1496 ὕποστρὲψηται,
808 1444 880 1483 καί
905 1441 998 1483 τότε
1016 1440 1087 1482 ἐπὶ
1114 1440 1188 1489 τὰς
1214 1440 1356 1494 θύρας
1382 1437 1487 1492 ἅμα,
1516 1439 1621 1480 ὑπο-

92 1523 140 1558 20
153 1509 402 1560 λειπομένου
430 1509 507 1550 τοῦ
536 1507 696 1560 οἷγῶνος
725 1507 891 1560 τούτου,
927 1508 1059 1550 ἁλῶσι
1090 1507 1197 1561 μετὰ
1226 1508 1378 1560 ταῦτα,
1407 1509 1480 1548 καὶ
1507 1508 1620 1559 ἐξερ-

149 1574 360 1628 γάσωνται
389 1575 462 1615 καί
500 1575 645 1615 τοῦτον
685 1578 924 1616 τελευταῖον
954 1574 1108 1628 α’γῶνα.
1166 1573 1187 1614 ὅ
1214 1576 1293 1626 μὲν
1323 1576 1460 1615 ταῦτα
1491 1571 1622 1616 εἰπών

151 1638 278 1698 α’πῄει
307 1640 619 1692 συνταξάμενος
660 1638 732 1682 ἐπὶ
768 1640 814 1683 τὸ
851 1643 924 1695 τῆς
963 1639 1173 1697 Εὐρώπης
1213 1638 1466 1695 στράτευμα,
1498 1638 1523 1681 ὃ
1549 1642 1619 1682 ἐπὶ

246 1760 291 1840 {5
303 1755 345 1794 τὸ
369 1761 478 1805 γένος
492 1760 624 1830 τοιζτοῗ
743 1761 776 1795 2.
801 1758 921 1795 αὗτόῗ
1044 1761 1096 1793 11.
1123 1759 1271 1807 οὐδενί]
1305 1759 1431 1796 οὐδενὶ
1455 1759 1616 1807 κόσμῳὶ)

295 1830 303 1839 .
331 1809 370 1841 εἴ
386 1819 421 1842 τι
447 1807 556 1844 ἰόντι.

154 1915 220 1961 qui
246 1915 312 1948 etsi
333 1913 498 1949 hostibus
526 1927 600 1949 non
628 1917 817 1958 restiterit,
851 1928 972 1950 verum
999 1918 1036 1950 in
1077 1917 1196 1961 fugam
1225 1917 1368 1958 abierit,
1395 1922 1551 1950 attamen
1579 1917 1616 1950 in

153 1963 250 2006 regin
266 1967 379 1996 castra
395 1963 597 1996 revertitur.
622 1975 703 1997 nam
718 1964 816 1997 istud
842 1963 1026 1997 hominum
1045 1975 1155 2007 genus
1179 1965 1345 1998 novimus
1370 1970 1451 2009 post
1467 1965 1617 2007 Scythas

151 2015 312 2055 pastores
340 2010 492 2043 maxime
513 2010 655 2054 fugere,
680 2022 791 2056 seque
815 2012 853 2044 in
873 2012 955 2056 fuga
979 2013 1155 2044 facillime
1181 2013 1351 2057 colligere
1377 2019 1413 2045 et
1440 2012 1617 2056 praelium

153 2055 410 2101 redintegrare.
477 2058 515 2090 in
550 2059 670 2102 fugam
696 2069 780 2092 vero
806 2060 896 2092 versi
926 2059 1032 2092 facile
1068 2065 1265 2092 servantur.
1316 2060 1403 2092 Daci
1431 2060 1526 2092 inter
1550 2070 1619 2104 pu-

153 2114 244 2147 gnae
279 2104 475 2138 tumultum
507 2116 588 2137 cum
628 2111 819 2140 cernerent
852 2105 1013 2140 Albanos
1054 2107 1092 2139 in
1117 2107 1233 2150 fugam
1275 2109 1429 2145 effusos,
1455 2117 1523 2138 nec
1548 2105 1618 2138 sibi

154 2155 422 2196 temperarunt:
458 2162 583 2185 verum
618 2153 656 2185 in
685 2154 800 2197 regios
840 2153 1028 2187 thesauros
1056 2155 1218 2186 conversi
1257 2165 1318 2187 eos
1344 2159 1380 2187 et
1404 2155 1500 2197 regni
1531 2163 1619 2198 opes

157 2197 400 2243 diripuerunt,
426 2210 570 2232 necnon
598 2200 731 2243 regium
774 2200 1000 2241 cubiculum,
1026 2202 1224 2234 interfectis
1250 2201 1407 2241 camelis,
1435 2212 1514 2232 cum
1541 2211 1619 2233 sese

155 2250 282 2278 mutuo
309 2245 355 2278 ad
382 2246 485 2279 istam
514 2257 589 2279 rem
614 2259 728 2293 usque
753 2247 1040 2281 cohortarentur.
1092 2249 1257 2293 occupati
1301 2249 1370 2281 isto
1404 2258 1513 2291 opere
1538 2258 1618 2279 cum

157 2291 288 2332 forent,
315 2293 586 2339 praedandique
612 2295 683 2327 iam
719 2294 937 2339 obrepsisset
953 2297 1111 2336 satietas,
1138 2295 1232 2328 haud
1259 2296 1296 2328 in
1325 2295 1498 2340 praelium
1521 2294 1620 2327 redi—

157 2337 257 2378 bant,
283 2350 351 2372 nec
382 2340 448 2372 uni
473 2352 597 2384 parere
622 2341 807 2383 volebant,
835 2342 896 2375 sed
923 2343 959 2375 in
994 2349 1104 2375 castra
1135 2354 1198 2374 sua
1226 2342 1508 2375 revertebantur.
1559 2343 1617 2374 lo-

157 2396 270 2418 annes
294 2397 373 2418 cum
400 2388 557 2431 fugasset
585 2389 753 2421 Asianum
779 2391 998 2430 exercitum,
1032 2389 1226 2423 accedebat
1260 2388 1304 2422 ad
1331 2399 1450 2431 regem
1475 2388 1620 2421 Vladis-

158 2432 268 2472 laum,
296 2444 451 2479 eumque
474 2434 669 2479 diligenter
697 2437 868 2469 monebat
901 2442 942 2470 ut
966 2449 1009 2470 eo
1029 2437 1097 2469 loci
1119 2448 1198 2469 cum
1227 2437 1300 2468 suis
1326 2436 1505 2469 militibus
1532 2435 1619 2468 sub-

159 2479 313 2520 sisteret,
338 2491 406 2514 nec
428 2492 490 2514 eos
513 2493 696 2527 quoquam
721 2483 820 2516 abire
841 2490 1035 2527 pateretur,
1063 2490 1102 2517 ut
1126 2485 1194 2516 sibi
1214 2483 1375 2516 redeunti
1401 2483 1438 2516 in
1462 2494 1618 2528 pugnarn

158 2531 283 2559 contra
311 2526 538 2567 Arum-atem.
577 2530 605 2562 si
645 2530 734 2575 quid
759 2531 996 2575 periculosius
1029 2531 1247 2574 ingruisset,
1275 2531 1451 2572 refugium
1479 2531 1618 2563 tutissi-

158 2584 267 2612 mum,
295 2584 369 2618 quo
404 2585 441 2607 se
468 2576 665 2620 reciperet,
691 2583 794 2611 esset.
845 2579 1031 2623 praecepit
1063 2589 1210 2622 quoque
1238 2577 1421 2610 Vladislao
1447 2583 1487 2610 ut
1515 2577 1620 2610 obte-

160 2625 315 2653 staretur
339 2620 472 2654 milites
497 2623 559 2667 qni
583 2634 700 2656 secum
727 2630 840 2663 erant,
867 2637 912 2658 ne
941 2636 978 2658 se
1007 2625 1088 2658 loco
1116 2629 1313 2664 moverent,
1341 2635 1462 2656 verum
1490 2625 1527 2657 in
1553 2625 1619 2657 iis-

160 2666 242 2699 dem
270 2668 429 2711 vestigiis
456 2667 645 2702 haerentes
671 2677 918 2715 expectarent,
948 2671 1064 2704 donec
1091 2672 1170 2703 suso
1197 2672 1317 2714 fugato
1347 2672 1515 2717 victoque
1546 2671 1618 2704 Eu·-

162 2725 271 2759 ropae
298 2715 455 2748 exercitu
488 2716 596 2750 victor
620 2723 872 2762 reverteretur,
901 2724 937 2753 et
962 2719 1076 2752 donec
1102 2719 1290 2764 praelium,
1316 2718 1414 2764 quod
1438 2730 1532 2752 nunc
1558 2729 1616 2752 so-
