1832 3216
478 194 550 233 m:
589 193 761 233 REBUS
795 189 1052 232 TURCICIS
1095 191 1144 231 L.
1173 193 1248 232 111.
1509 187 1601 232 159

133 287 187 348 ἢν
213 290 272 346 μὴ
303 292 572 345 ἑτετύφωσο”
595 291 679 349 ἔφη
714 289 929 346 Τεμήρης,
972 287 1109 332 “afim
1134 293 1244 345 μέγα
1276 289 1387 332 πάνυ
1417 292 1600 345 φρονιὸν,

135 359 212 400 ov'x
241 354 295 400 όῖν
323 356 373 413 δή
419 361 462 407 ἐς
501 360 624 401 τοῦτο
662 359 911 412 συμφορᾶς,
945 353 1063 410 οἶμαι
1084 389 1095 409 ,
1130 357 1289 412 ἀφίκου
1310 374 1322 386 ·
1379 355 1491 399 οὕτω
1518 357 1601 413 γάρ
1617 365 1713 401 P.84

135 423 264 467 εἴωθε
301 424 346 466 τό
379 427 496 466 θεῖον
537 423 584 466 τά
617 423 728 466 πάνυ
774 426 884 477 μέγα
927 423 1169 478 φρονοῦντα
1209 421 1283 464 καί
1322 424 1604 478 πεφυσημένα

80 543 84 547 Δ
135 492 285 543 μειοῦν
327 490 386 540 ὥς
428 491 478 533 τά
509 492 641 533 πολλὰ
671 489 746 532 καί
771 486 1055 544 σμικρύνειν.”
1124 490 1311 531 ἐνταῦθα
1342 489 1394 543 δὴ
1427 491 1607 542 ἐπιμέμ-

102 560 310 610 5ψασθαι
342 558 459 614 αὐτῷ
485 557 649 612 λέγεται
673 558 856 610 βασιλέα
881 553 1052 609 Τεμὴρη
1080 553 1155 609 τὴν
1182 556 1254 596 ἐπί
1280 555 1377 604 τούς
1406 555 1534 605 κύνας
1561 571 1607 597 τε

136 625 210 666 καί
236 623 408 678 ἱέρακας
439 623 707 678 φιλοτιμίαν,
749 622 806 670 ὥς
837 623 964 674 α’νδρί
992 622 1157 678 κυνηγῷ
1184 621 1301 679 ἐῴκει
1334 620 1413 676 τήν
1442 624 1606 677 τέχνην,

137 687 211 731 καί
237 690 314 731 ου’κ
343 685 518 744 ἄρχοντι
557 686 698 743 ἄγοντι
726 691 769 738 ἐς
797 690 1029 741 πολέμους·
1101 691 1261 742 λέγεται
1289 686 1370 741 γάρ
1399 687 1608 742 Παιαζή-

136 771 212 811 της
239 758 282 804 ἐς
313 755 412 806 τούς
441 753 783 809 ἑπτακισχιλίους
817 755 1057 809 κτήσασθαι
1089 752 1398 810 ἱερακοφόρους
1430 755 1504 796 καί
1529 756 1608 796 κύ-

137 838 212 870 νας
254 822 370 877 α’μφί
420 820 518 870 τούς
560 817 884 875 ἑξακισχιλίους.
971 822 1158 862 ἐνταῦθα
1199 820 1312 860 τόντε
1349 822 1609 877 Παιαζητην

82 896 126 931 10
139 889 272 946 φάναι
301 886 571 940 ὑπολαβόντα
599 886 732 929 “α’λλά
765 886 836 929 σοι’
859 888 941 940 μὲν
978 887 1034 943 τῷ
1063 885 1208 943 Σκύθῃ
1228 921 1239 941 ,
1267 888 1398 943 ληστῇ
1428 884 1492 928 ἔτι
1522 882 1606 929 ὄντι

136 957 209 997 καί
234 953 392 1009 ταύτην
419 954 705 1010 ἐπιτηδεύοντι
732 952 811 1008 την
839 956 1002 1008 τέχνην,
1034 953 1085 994 ου’
1108 950 1218 994 πάνυ
1249 968 1289 995 τι
1319 950 1372 994 ἄν
1402 950 1607 1008 προσήκοι

135 1017 268 1075 ἄγρας
298 1020 401 1062 οὐδὲ
431 1021 686 1075 κυνηγεσίων
707 1037 717 1047 ·
761 1021 858 1073 ἐμοί
890 1021 937 1062 δὲ
965 1021 1008 1068 ἐς
1037 1019 1159 1061 τοῦτό
1192 1035 1236 1060 τε
1268 1021 1506 1074 γεννηθέντι
1535 1020 1610 1061 καί

135 1088 441 1145 τεθραμμένῳ,
469 1088 527 1143 τῷ
555 1086 827 1142 Ἀμουράτεω
856 1088 934 1127 τοῦ
957 1081 1200 1140 Ὀρχάνεω,
1229 1087 1439 1140 βασιλέων
1470 1085 1644 1141 παιδιζΒ

136 1155 268 1209 μετῆν
299 1153 372 1195 καί
388 1155 524 1195 κυνῶν
554 1155 630 1195 καί
655 1151 838 1209 ἱεράκων
860 1155 1145 1209 φιλοτιμιάς.”
1172 1154 1365 1195 ἐνταῦθα
1395 1152 1445 1207 δή
1474 1153 1607 1206 ἀχθε-

82 1227 124 1263 15
136 1223 290 1263 σθέντα
321 1219 395 1262 τόν
422 1222 603 1274 βασιλέα
644 1220 929 1275 περιαχθῆναι
966 1218 1011 1268 ἐς
1040 1217 1085 1260 τό
1125 1218 1415 1273 στρατόπεδον
1442 1222 1608 1262 ἐκέλευ-

138 1302 210 1328 σεν
239 1285 309 1328 ε’πί
337 1285 529 1341 ἡμιόνου,
558 1287 631 1327 καί
659 1284 961 1340 συριττόμενον
987 1285 1070 1326 ὑπὸ
1103 1287 1182 1327 τοῦ
1208 1287 1501 1339 στρατοπέδου
1531 1300 1607 1326 πε-

137 1357 368 1407 ριαγαγεῖν.
425 1352 486 1402 ὦς’
519 1354 566 1394 δὲ
590 1355 877 1406 περιαχθέντα
908 1348 1085 1406 ἤγαγον,
1118 1350 1295 1406 ἔρεσθαι
1329 1351 1459 1393 αὕτὸν
1485 1354 1607 1405 λέγε-

135 1434 207 1460 ται
235 1420 274 1460 εἰ
302 1420 379 1460 τοῦ
407 1421 554 1473 γένους
586 1420 723 1459 ἐκεῖνα
757 1418 961 1471 τυγχάνει
993 1417 1327 1472 ἐπιτηδεύματα,
1354 1415 1410 1465 ὥς
1437 1417 1491 1460 τὰ
1519 1418 1607 1460 ταῖν

138 1483 319 1538 ἱεράκων
347 1500 390 1526 τε
419 1486 492 1526 κατ’
517 1487 667 1526 κυνῶν.
723 1482 828 1536 μετά
861 1485 907 1525 δὲ
933 1485 1072 1525 ταῦτα
1091 1486 1137 1525 ἐν
1161 1486 1334 1540 φυλακῇ
1365 1481 1606 1538 ἐποιήσατο,

79 1555 211 1595 2οκαἱ
243 1549 351 1607 ἄρας
381 1553 462 1594 σὺν
499 1555 556 1610 τῷ
585 1551 875 1606 στρατεύματι
905 1547 1084 1605 ἤλαυνεν
1115 1551 1187 1592 ε’πί
1222 1545 1386 1592 Ἰωνίαν
1427 1552 1501 1592 καί
1529 1549 1607 1605 την

136 1619 266 1677 ταύτῃ
296 1618 484 1673 πάραλον
514 1620 677 1672 χώραν,
702 1615 747 1659 ἐν
777 1618 835 1673 νῷ
861 1615 972 1670 ἔχων
1003 1617 1138 1658 αὖτοῦ
1156 1632 1198 1657 τε
1228 1615 1508 1670 διαχειμάσαι
1533 1618 1610 1659 καί

137 1680 239 1739 ἦρος
269 1686 603 1741 ἐπιφαινομένου
631 1686 674 1732 ἐς
707 1682 784 1738 την
807 1679 1020 1737 Ευ’ρώπην
1052 1684 1265 1737 διαβῆναι.
1324 1680 1483 1724 ἐπενόει
1510 1681 1605 1737 γάρ,

137 1750 192 1801 ὥς
221 1751 295 1793 καί
321 1749 528 1807 πρότερόν
555 1765 629 1804 μοι
659 1750 913 1805 δεδήλωται,
940 1750 982 1800 ἐς
1003 1748 1081 1804 την
1097 1748 1310 1804 Εὐρώπην
1339 1749 1492 1803 διαβὰς
1521 1752 1604 1791 πᾶ-
1624 1759 1651 1792 C

135 1952 298 1986 'remites
321 1953 377 1985 “si
401 1963 474 1985 nou
501 1952 591 1986 adeo
627 1952 760 1985 sublati
795 1951 863 1985 tibi
903 1955 1025 1985 essent
1048 1951 1183 1992 animi,
1210 1961 1398 1996 nunquam
1426 1949 1471 1983 ad
1498 1950 1602 1983 istam

135 1999 391 2044 praecipitatus
428 2010 521 2033 esses
553 2000 748 2033 miseriam.
802 2000 854 2032 sic
889 2010 1045 2045 namque
1084 1999 1179 2032 solet
1224 2009 1358 2031 numen
1386 1997 1601 2042 plerumque

134 2047 313 2080 fastuosos
345 2046 546 2092 deprimere
572 2054 608 2080 et
633 2046 678 2079 ad
716 2047 890 2079 humilem
918 2047 1096 2079 fortunam
1124 2046 1319 2079 ‹leiicere.'’
1373 2044 1506 2078 deinde
1534 2046 1603 2077 mi-

134 2094 182 2127 sit
208 2093 369 2127 Temires
396 2094 541 2127 Paiaziti
566 2094 757 2139 accipitres
787 2100 824 2127 et
849 2105 954 2126 canes
985 2099 1022 2125 et
1049 2093 1227 2139 reliquum
1253 2091 1464 2125 huiusmodi
1493 2103 1604 2137 appa-

135 2147 276 2182 ratum,
314 2146 356 2174 ut
388 2141 450 2187 qui
486 2143 650 2175 venatori
686 2142 807 2186 potius
843 2152 950 2187 quam
980 2140 1191 2185 imperatori
1225 2141 1263 2173 in
1300 2139 1423 2172 hostes
1454 2139 1602 2172 (lucenti

135 2187 398 2233 comparandus
423 2193 529 2222 esset.
594 2189 698 2222 aiunt
725 2189 913 2222 Paiazitem
938 2187 1110 2221 habuisse
1148 2193 1285 2233 septem
1322 2188 1420 2219 milia
1447 2187 1603 2219 virorum

164 2236 200 2268 ui
226 2236 415 2280 accipitres
441 2241 626 2279 curarent3
651 2242 839 2281 praeterea
864 2235 995 2268 aluisse
1011 2246 1118 2269 canes
1144 2236 1259 2268 sexies
1286 2235 1399 2267 mille.
1451 2245 1604 2278 respon-

136 2293 225 2316 ‹ens
248 2283 372 2328 itaque
399 2283 535 2316 Teiniri
562 2284 735 2316 Paiazites
762 2284 885 2328 inquit
908 2289 1079 2323 “verum‚
1107 2294 1128 2315 ο
1156 2283 1317 2316 Temires
1333 2305 1342 2322 ‚
1368 2281 1430 2326 qui
1456 2292 1492 2313 es
1517 2280 1605 2323 Scy-

137 2328 200 2362 tha
225 2334 262 2363 et
287 2330 401 2370 latro,
431 2330 746 2376 latrocinandique
783 2337 894 2363 artem
928 2341 1042 2375 usque
1071 2341 1239 2369 exerces,
1268 2330 1354 2361 satis
1380 2329 1453 2360 scio
1478 2339 1603 2373 parum

135 2376 206 2409 tibi
230 2378 422 2410 convenire
453 2389 533 2410 cum
558 2389 686 2411 canum
715 2377 1002 2422 accipitrumque
1028 2376 1159 2410 studio.
1199 2375 1286 2410 inihi
1313 2387 1410 2414 vero,
1435 2375 1498 2420 qui
1526 2385 1604 2407 sum

135 2429 242 2456 natus
265 2429 302 2457 et
329 2424 500 2458 educatus
539 2424 584 2458 ab
612 2427 780 2458 Amurate
806 2425 980 2457 Orchanis
1006 2424 1082 2457 filio
1100 2449 1110 2464 ,
1147 2425 1209 2470 qui
1249 2422 1354 2455 ambo
1381 2433 1480 2466 reges
1508 2422 1602 2454 exti-

134 2476 224 2510 tere,
249 2472 413 2514 congruit
439 2483 564 2505 canum
593 2478 630 2505 et
667 2472 878 2517 accipitrum
915 2472 1111 2505 studium.’'
1171 2482 1231 2503 rex
1257 2470 1420 2503 Temires
1449 2469 1518 2502 hoc
1545 2479 1602 2501 re-

134 2529 267 2562 sponso
292 2519 446 2562 graviter
470 2521 626 2553 offensus
653 2519 863 2564 impositum
894 2519 992 2552 mulo
1019 2529 1085 2563 per
1110 2523 1224 2550 castra
1253 2517 1309 2560 agi
1335 2516 1450 2557 iubet,
1477 2517 1603 2561 propi—

133 2575 224 2598 nans
248 2575 328 2597 eum
356 2565 534 2599 militibus
566 2565 818 2600 deridendum.
887 2572 928 2599 ut
957 2572 1076 2599 autem
1113 2565 1181 2597 iau.»
1211 2563 1376 2597 omnibus
1402 2563 1486 2597 satis
1512 2563 1603 2595 ridi-

133 2612 217 2644 culo
246 2611 330 2653 suit,
357 2612 540 2646 reductum
567 2613 612 2646 ad
637 2625 674 2647 se
697 2614 946 2658 interrogavit,
973 2625 1018 2645 an
1047 2613 1155 2645 eiiam
1180 2613 1247 2644 ista
1267 2610 1387 2643 studia
1409 2611 1462 2643 sui
1491 2621 1602 2654 gene-

133 2659 182 2691 ris
208 2659 307 2700 sint,
350 2659 654 2704 quemadmodum
681 2662 894 2706 accipitrum
923 2666 959 2693 et
996 2671 1135 2692 canum.
1185 2657 1319 2691 deinde
1349 2658 1538 2691 Paiazitem
1564 2658 1602 2691 in

130 2706 275 2739 vincula
314 2706 480 2739 coniecit.
546 2708 651 2741 motis
686 2715 815 2754 postea
839 2707 963 2741 castris
1006 2707 1075 2739 iter
1118 2707 1156 2738 in
1190 2706 1327 2738 Ioniam
1356 2710 1392 2738 et
1414 2705 1600 2738 finitimam

131 2752 208 2786 eius
235 2753 418 2796 regionem
445 2754 625 2796 intendit,
651 2755 690 2788 in
718 2756 838 2789 animo
865 2754 1001 2788 habens
1046 2753 1097 2786 ibi
1123 2752 1330 2786 hibernare.
1383 2763 1464 2786 vere
1490 2763 1602 2798 appe-
