1858 3210
490 202 561 241 DE
603 202 773 244 REBUS
811 201 1063 244 Tuncicis
1118 202 1164 242 L.
1185 203 1236 242 x.
1482 185 1578 230 553

108 313 229 343 σεται
260 297 338 349 τὰς
377 301 516 342 αὐτῶν
555 304 777 355 γινομένας
806 301 883 356 ὑφ’
926 301 1043 358 αὑτῷ
1075 304 1304 355 ποιεῖσθαι,
1335 300 1392 350 ὥς
1419 297 1471 343 ἂν
1503 300 1581 342 δυ’-

107 375 226 409 ναιτο
254 368 438 420 τάχιστα
485 366 630 415 αὐτοῖς
674 366 1027 422 προσφερόμενος.
1093 369 1170 408 νῦν
1213 369 1260 409 δὲ
1287 364 1378 422 ἥκει
1405 369 1479 410 καί
1508 367 1577 421 ἐφ’

108 431 222 485 ὑμᾶς
270 433 349 485 οὐχ
389 429 538 485 ἥκιστα
573 431 592 472 ὃ
637 431 841 484 πόλεμος,
889 435 961 473 καί
991 435 1118 473 παντί
1156 434 1299 473 σθένει
1329 432 1580 487 πειράσεται

110 499 339 552 διαβαίνων
382 499 456 551 τήν
491 513 534 539 τε
578 498 729 551 χώραν
772 497 892 550 ὑμῶν
933 499 1324 550 ἀνδραποδίζεσθαι
1373 498 1446 540 καί
1483 497 1583 547 τοὺς

75 558 318 617 5ἄρχοντας
346 565 555 621 αἰσχίστῳ
603 565 764 622 ὀλέθρῳ
806 566 1076 620 διαφθεῖραι.
1145 565 1196 605 ου’
1225 564 1306 618 γὰρ
1346 561 1398 607 ἂν
1438 564 1585 619 ψυχήν

110 629 246 671 αὐτοῦ
274 627 366 671 ἔστι
397 628 661 671 διαλλάττειν
703 632 746 679 ἐς
780 628 878 678 τούς
924 629 1153 685 ὑμετέρους
1198 646 1243 672 τε
1282 634 1355 672 καί
1392 630 1473 671 ὑπὸ
1506 629 1583 684 τήν

106 693 318 750 ἡμετέραν
345 698 576 750 θρησκείαν
606 691 741 748 ὄντας,
771 697 863 737 ἀλλ’
901 695 1139 748 ἀμείλικτος
1169 694 1347 749 πάμπαν
1379 695 1583 750 τυγχάνει

109 756 174 803 οἲν
197 760 353 814 ὁμοίως
382 761 536 811 παντὸς
567 764 623 820 τῷ
650 762 693 804 τέ
723 760 760 803 οἱ
797 763 988 811 ἐπιεικῶς
1022 765 1253 819 φερομένῳ.
1311 762 1581 804 πυνθάνεσθε

3 879 11 885 ἢ
108 825 190 882 γάρ
220 826 356 882 δήπου
395 823 464 870 οἷα
494 827 567 871 τόν
614 831 867 871 Λαδίσλαον
917 831 1096 882 βασιλέα
1149 827 1352 883 πρότερον
1397 825 1581 882 ἄρχοντα

53 892 292 948 Ῑοέποίησε.
360 896 437 935 κᾶν
477 893 610 951 τούτῳ
658 897 736 947 μὲν
775 893 876 943 ἴσως
924 895 1173 950 συγγνώμην
1218 893 1340 948 ἔσχεν
1370 893 1510 951 ἑαυτῷ
1538 897 1626 937 ἑνῐ)

105 959 225 1017 μάχῃ
265 960 428 1011 ἁλόντα
453 959 713 1010 ἀπεκτονώς·
790 960 863 1002 τὸν
904 963 950 1002 δέ
978 976 1023 1014 γε
1061 963 1241 1014 βασιλέα
1278 963 1422 1013 Auem
1467 964 1582 1012 Τρα-

105 1027 331 1077 πεζοῦντος
374 1029 448 1068 καί
484 1028 708 1080 Ἰλλυριῶν
750 1030 823 1068 και1
851 1029 1025 1078 Λέσβου
1071 1025 1254 1081 ἡγεμόνα
1295 1025 1391 1076 τούς
1429 1043 1473 1067 τε
1505 1021 1580 1069 ἄλ·

105 1095 237 1146 λους,
275 1093 321 1134 τί
348 1091 536 1147 χαλεπὸν
577 1093 648 1134 ὑπ’
689 1095 858 1135 ἐκείνων
898 1092 1049 1135 παθών
1078 1094 1323 1148 διαφθείρει
1354 1094 1440 1134 αἰεί
1469 1092 1580 1145 ὁμοῦ

106 1159 296 1211 πάντας;
326 1161 365 1200 εἰ
394 1160 474 1211 μὲν
506 1154 580 1200 οὖν
609 1157 988 1214 παρασκευάζεσθε
1036 1161 1106 1201 ἐπί
1134 1157 1209 1214 τήν
1238 1161 1399 1201 ἐκείνου
1429 1157 1578 1212 χώραν

53 1235 96 1269 15
109 1221 358 1273 ἐλαύνοντες
387 1224 460 1266 τὸν
488 1224 671 1278 πόλεμον
698 1229 939 1280 ποιεῖσθαι,
968 1225 1080 1278 τάχα
1111 1221 1164 1267 ἄν
1191 1242 1231 1267 τι
1262 1227 1577 1281 ἐπικουφιζοιτε

106 1291 181 1332 καί
217 1290 294 1345 τὴν
333 1290 404 1332 ἐπὶ
447 1293 584 1332 ταῦτα
611 1293 814 1346 ἐσομένην
847 1291 979 1346 ὁρμὴν
1010 1293 1145 1334 αὐτοῦ
1173 1294 1215 1341 ἐς
1241 1290 1316 1345 τὴν
1347 1290 1576 1334 Παιονίαν.

106 1359 148 1400 εἰ
175 1359 222 1399 δὲ
241 1356 447 1411 ἀνέχεσθε
467 1359 647 1399 τοιαῦτα
669 1357 910 1414 πάσχοντες,
931 1359 1179 1413 διαβήσεται
1203 1360 1247 1400 δὲ
1271 1359 1424 1406 ἐκεῖνος
1452 1359 1579 1399 παντὶ

64 1462 73 1468 ,
106 1426 165 1480 τῷ
192 1427 371 1481 στρατῷ,
402 1425 572 1466 δέδοικα
600 1423 658 1479 μή
683 1427 915 1480 σφαλέντες
935 1422 1049 1476 ἅπαξ
1076 1425 1176 1466 τάδε
1205 1426 1342 1467 πάντα
1372 1422 1440 1466 ὑπ’
1469 1423 1576 1466 ἐκεί.
1593 1438 1629 1471 Ρ,
1648 1436 1719 1470 296

109 1505 167 1548 mg)
191 1493 355 1546 γένηται
389 1493 463 1532 καί
489 1491 597 1545 ἡμᾶς
625 1491 802 1532 κάκιστα
834 1493 1061 1548 ἀπολέσῃ.”

51 1573 98 1609 20
239 1559 386 1599 Ταῦτα
431 1555 634 1599 εἰπόντων
687 1560 767 1599 τῶν
812 1558 1027 1598 Ουένετῶν
1069 1557 1089 1600 ὁ
1132 1557 1335 1611 βασιλεὺς
1375 1555 1579 1599 Παιόνων

109 1622 336 1677 ὑπολαβών
365 1622 479 1678 ἔλεγε
508 1623 661 1666 τοιάδε.
732 1619 910 1679 66ἄνδρες
943 1625 1167 1680 Ουένετοί,
1196 1619 1246 1666 εὖ
1268 1639 1313 1666 τε
1341 1626 1478 1678 λέγετε
1509 1622 1580 1665 καί

3 0 37 269 ξ

1 302 17 423 ξ

0 683 4 714 P

111 1779 221 1814 ditis?
267 1779 367 1813 haud
394 1781 511 1827 quieti
537 1786 574 1815 et
598 1781 761 1826 ignaviae
797 1793 834 1814 se
859 1780 1160 1826 corrumpendum
1186 1779 1317 1822 tradet,
1340 1791 1463 1814 verum
1493 1780 1579 1813 fini-

110 1827 218 1860 timos
255 1829 362 1860 armis
391 1834 560 1873 appetet,
587 1839 782 1874 eorumque
820 1829 983 1871 regiones
1020 1839 1104 1860 suae
1132 1827 1316 1870 adiunget.
1367 1838 1435 1860 nec
1461 1839 1577 1860 moras

112 1874 292 1908 nectendo
318 1874 473 1914 sedebit,
499 1887 620 1908 verum
647 1876 746 1908 illico
777 1876 812 1908 in
843 1876 1016 1908 finitimos
1045 1886 1138 1907 arma
1164 1874 1335 1908 vibrabit.
1385 1886 1481 1907 nunc
1507 1876 1576 1918 igi·

112 1927 171 1955 tur
197 1933 264 1955 nec
288 1922 389 1954 vobis
431 1922 568 1955 bellum
603 1929 739 1967 parcet.
799 1933 879 1954 nam
909 1922 1122 1961 conabitur,
1153 1922 1327 1954 universis
1363 1923 1434 1954 suis
1464 1923 1578 1966 copiis

112 1969 237 2008 fretus,
266 1968 303 2001 in
333 1970 513 2012 regionem
540 1975 692 2003 vestram
718 1971 891 2014 impetum
909 1969 1038 2009 facere,
1064 1974 1101 2001 et
1126 1979 1168 2000 ex
1198 1980 1239 2001 ea
1269 1968 1454 2001 hominum
1484 1970 1577 2001 alia—

112 2027 263 2062 rumque
287 2026 404 2048 rerum
432 2016 581 2060 praedas
614 2027 744 2062 agere,
769 2017 949 2061 principes
972 2021 1111 2049 vestros
1138 2016 1365 2060 turpissimae
1394 2015 1473 2048 neci
1500 2022 1576 2048 tra-

114 2063 199 2096 dere
237 2062 336 2096 haud
377 2063 612 2097 cunctabitur.
674 2074 757 2096 nam
804 2065 944 2096 animus
978 2063 1054 2096 eius
1087 2074 1227 2108 semper
1253 2069 1308 2096 est
1333 2063 1577 2108 implacabilis

113 2121 196 2155 erga
219 2116 362 2143 nostros
388 2116 424 2143 et
450 2121 531 2154 erga
559 2122 682 2143 omnes
707 2122 769 2144 eos
797 2111 859 2156 qui
885 2110 1110 2144 Christianae
1136 2110 1303 2154 religioni
1331 2111 1574 2155 acquiescunt.

113 2163 299 2203 praeterea
323 2169 447 2203 parum
474 2164 639 2203 pacatum
664 2159 819 2190 animum
856 2158 947 2201 gerit
973 2169 1054 2201 erga
1091 2169 1171 2190 eum
1199 2157 1262 2202 qui
1293 2168 1330 2190 se
1357 2157 1574 2190 benevolum

113 2211 151 2238 et
171 2205 366 2250 benignum
396 2207 512 2238 offert.
574 2205 670 2238 haud
701 2207 796 2238 enim
822 2216 884 2238 vos
909 2205 1079 2250 praeterit
1114 2203 1202 2250 quid
1237 2205 1364 2237 fecerit
1390 2204 1575 2236 Vladislao

113 2253 268 2297 principi
290 2258 420 2286 vestro.
469 2253 778 2286 verumenimvero
805 2253 944 2284 veniam
966 2251 1026 2284 hic
1043 2257 1201 2284 meretur
1219 2252 1371 2290 Tureus,
1397 2251 1576 2296 siquidem

111 2299 319 2332 Vladislaus
347 2300 386 2332 in
418 2300 556 2345 praelio
595 2306 720 2344 captus
750 2300 902 2333 interiit.
953 2299 1015 2332 sed
1054 2298 1142 2344 quid
1167 2298 1254 2331 mali
1280 2310 1404 2343 passus
1434 2305 1488 2331 est
1516 2304 1579 2331 aut

115 2357 306 2392 quamnam
330 2347 498 2380 iniuriam
527 2349 667 2392 accepit
699 2347 743 2380 ab
762 2347 896 2379 Davide
913 2346 1150 2391 Trapezuntis
1180 2357 1274 2389 rege,
1302 2351 1339 2378 et
1362 2346 1406 2379 ab
1432 2345 1580 2389 lllyrio-

113 2404 190 2427 rum
214 2398 254 2427 et.
267 2393 369 2428 Lesbi
395 2393 497 2434 duce,
522 2405 664 2427 necnon
685 2396 729 2427 ab
747 2394 896 2439 reliquis
923 2405 1013 2438 quos
1041 2403 1163 2425 omnes
1192 2392 1389 2425 crudeliter
1412 2391 1579 2426 necavit?

112 2441 142 2474 si
158 2441 282 2486 itaque
298 2441 492 2474 contractis
512 2442 624 2487 copiis
640 2443 677 2474 in
693 2443 770 2474 eius
787 2442 966 2485 regionem
981 2441 1171 2479 irrueritis,
1195 2446 1292 2472 certe
1310 2439 1409 2472 brevi
1430 2441 1576 2483 spiritus

113 2487 190 2521 eius
215 2498 417 2532 generosos,
442 2500 534 2534 quos
560 2494 683 2522 contra
710 2489 927 2521 Pannoniam
955 2487 1134 2531 concepit,
1161 2487 1409 2520 contuderitis.
1438 2487 1491 2518 sin
1517 2497 1580 2531 pa-

112 2535 249 2568 tienter
275 2546 369 2579 quae
402 2535 446 2568 ab
483 2547 566 2579 rege
601 2536 806 2569 inferuntur
831 2535 1098 2574 sustinuerim,
1125 2534 1408 2577 transgredietur
1444 2533 1473 2565 is
1495 2534 1580 2565 uni-

112 2582 206 2615 versi
234 2582 411 2615 exercitus
446 2582 575 2616 robore
601 2583 647 2616 ad
670 2595 744 2616 vos.
795 2593 933 2622 vereor,
974 2582 1002 2614 si
1031 2580 1163 2613 deinde
1191 2582 1301 2614 semel
1330 2581 1578 2613 aben-faveritis

114 2634 152 2662 et
176 2639 300 2674 parum
326 2629 482 2662 feliciter
507 2635 630 2663 contra
666 2641 748 2663 eum
775 2629 1031 2674 pugnaveritis,
1064 2639 1110 2660 ne
1136 2628 1302 2661 universa
1332 2627 1515 2660 Pannonia
1540 2627 1579 2660 in

115 2676 192 2709 eius
222 2675 399 2709 dicionem
430 2677 535 2710 cedat
563 2682 600 2710 et.
627 2688 687 2710 vos
715 2677 960 2710 crudelissime
987 2675 1146 2720 perdat.’'

211 2723 370 2762 Venetis,
396 2734 474 2756 curn
501 2723 646 2756 dicendi
671 2723 778 2757 finem
818 2724 1000 2763 fecissent,
1030 2722 1067 2754 in
1095 2720 1191 2754 hunc
1217 2721 1363 2754 modum
1391 2720 1580 2765 respondit

115 2769 325 2803 Pannonum
352 2781 422 2803 rex.
474 2771 563 2805 “viri
588 2771 732 2813 Veneti,
761 2781 846 2804 sane
882 2775 977 2803 recte
1004 2768 1136 2810 dicitis,
1163 2773 1200 2802 et
1227 2767 1401 2801 videmini
1429 2768 1466 2800 in
1495 2768 1578 2813 plu-
