<?xml version="1.0" encoding="UTF-8"?>
<!DOCTYPE html PUBLIC "-//W3C//DTD XHTML 1.0 Transitional//EN"
    "http://www.w3.org/TR/xhtml1/DTD/xhtml1-transitional.dtd">
<html xmlns="http://www.w3.org/1999/xhtml" xml:lang="en" lang="en">
 <head>
  <title>
</title>
<meta http-equiv="Content-Type" content="text/html;charset=utf-8" />
  <meta name='ocr-system' content='tesseract 3.04.00' />
  <meta name='ocr-capabilities' content='ocr_page ocr_carea ocr_par ocr_line ocrx_word'/>
</head>
<body>
  <div class='ocr_page' id='page_1' title='image "./corpusscriptorum32niebuoft_0216.png"; bbox 0 0 1774 3204; ppageno 0'>
   <div class='ocr_carea' id='block_1_1' title="bbox 240 192 1321 244">
    <p class='ocr_par' dir='ltr' id='par_1_1' title="bbox 240 192 1321 244">
     <span class='ocr_line' id='line_1_1' title="bbox 240 192 1321 244; baseline 0.002 -3"><span class='ocrx_word' id='word_1_1' title='bbox 240 192 337 242; x_wconf 71' lang='lat'><em>204</em></span> <span class='ocrx_word' id='word_1_2' title='bbox 558 201 775 242; x_wconf 74' lang='lat' dir='ltr'>LAONlcl</span> <span class='ocrx_word' id='word_1_3' title='bbox 816 201 1321 244; x_wconf 74' lang='lat' dir='ltr'>CHALCOCONDYLAE</span> 
     </span>
    </p>
   </div>
   <div class='ocr_carea' id='block_1_2' title="bbox 95 307 1726 1723">
    <p class='ocr_par' dir='ltr' id='par_1_2' title="bbox 95 307 1726 1723">
     <span class='ocr_line' id='line_1_2' title="bbox 235 307 1666 367; baseline 0.004 -18"><span class='ocrx_word' id='word_1_4' title='bbox 235 308 309 362; x_wconf 82' lang='grc' dir='ltr'><em>την</em></span> <span class='ocrx_word' id='word_1_5' title='bbox 340 307 460 349; x_wconf 87' lang='grc' dir='ltr'><em>πόλιν</em></span> <span class='ocrx_word' id='word_1_6' title='bbox 488 310 560 350; x_wconf 78' lang='grc' dir='ltr'><strong><em>καί</em></strong></span> <span class='ocrx_word' id='word_1_7' title='bbox 597 307 851 365; x_wconf 80' lang='grc' dir='ltr'><strong><em>κατελήφθη.</em></strong></span> <span class='ocrx_word' id='word_1_8' title='bbox 921 312 1149 364; x_wconf 82' lang='grc' dir='ltr'><em>Μεχμὲτης</em></span> <span class='ocrx_word' id='word_1_9' title='bbox 1178 311 1223 352; x_wconf 84' lang='grc' dir='ltr'><em>δὲ</em></span> <span class='ocrx_word' id='word_1_10' title='bbox 1251 311 1308 359; x_wconf 78' lang='grc' dir='ltr'><em>ὥς</em></span> <span class='ocrx_word' id='word_1_11' title='bbox 1335 309 1512 354; x_wconf 74' lang='grc' dir='ltr'><em>ἐπύθετο</em></span> <span class='ocrx_word' id='word_1_12' title='bbox 1542 312 1666 367; x_wconf 76' lang='grc' dir='ltr'><em>τάχι-</em></span> 
     </span>
     <span class='ocr_line' id='line_1_3' title="bbox 236 371 1667 430; baseline 0.004 -16"><span class='ocrx_word' id='word_1_13' title='bbox 236 389 314 414; x_wconf 88' lang='grc' dir='ltr'><em>στα</em></span> <span class='ocrx_word' id='word_1_14' title='bbox 343 375 386 420; x_wconf 81' lang='grc' dir='ltr'><em>ἐς</em></span> <span class='ocrx_word' id='word_1_15' title='bbox 415 371 488 426; x_wconf 76' lang='grc' dir='ltr'><em>τὴν</em></span> <span class='ocrx_word' id='word_1_16' title='bbox 516 374 685 427; x_wconf 83' lang='grc' dir='ltr'><em>Θέρμην</em></span> <span class='ocrx_word' id='word_1_17' title='bbox 727 375 957 429; x_wconf 75' lang='grc' dir='ltr'><em>α’φικέσθαι</em></span> <span class='ocrx_word' id='word_1_18' title='bbox 996 374 1066 415; x_wconf 88' lang='grc' dir='ltr'><em>τὸν</em></span> <span class='ocrx_word' id='word_1_19' title='bbox 1111 374 1318 430; x_wconf 84' lang='grc' dir='ltr'><em>α’δελφόν,</em></span> <span class='ocrx_word' id='word_1_20' title='bbox 1366 374 1516 419; x_wconf 75' lang='grc' dir='ltr'><em>αὔτίκα</em></span> <span class='ocrx_word' id='word_1_21' title='bbox 1543 379 1667 421; x_wconf 70' lang='grc' dir='ltr'><em>οῦδὲν</em></span> 
     </span>
     <span class='ocr_line' id='line_1_4' title="bbox 194 435 1667 496; baseline 0.004 -18"><span class='ocrx_word' id='word_1_22' title='bbox 194 435 420 489; x_wconf 78' lang='grc' dir='ltr'><em>Πέπισχών</em></span> <span class='ocrx_word' id='word_1_23' title='bbox 448 437 647 490; x_wconf 72' lang='grc' dir='ltr'><em>δρομαῖος</em></span> <span class='ocrx_word' id='word_1_24' title='bbox 675 437 792 494; x_wconf 81' lang='grc' dir='ltr'><em>ἐπῄει</em></span> <span class='ocrx_word' id='word_1_25' title='bbox 829 439 900 479; x_wconf 71' lang='grc' dir='ltr'><em>ἐπὶ</em></span> <span class='ocrx_word' id='word_1_26' title='bbox 926 437 1001 492; x_wconf 82' lang='grc' dir='ltr'><em>τὴν</em></span> <span class='ocrx_word' id='word_1_27' title='bbox 1033 439 1214 492; x_wconf 83' lang='grc' dir='ltr'><em>Θέρμην,</em></span> <span class='ocrx_word' id='word_1_28' title='bbox 1253 440 1506 494; x_wconf 78' lang='grc' dir='ltr'><em>παραλαβών</em></span> <span class='ocrx_word' id='word_1_29' title='bbox 1537 458 1667 496; x_wconf 84' lang='grc' dir='ltr'><em>στρα-</em></span> 
     </span>
     <span class='ocr_line' id='line_1_5' title="bbox 234 499 1666 561; baseline 0.005 -20"><span class='ocrx_word' id='word_1_30' title='bbox 234 500 314 554; x_wconf 85' lang='grc' dir='ltr'><em>τόν,</em></span> <span class='ocrx_word' id='word_1_31' title='bbox 342 502 414 541; x_wconf 84' lang='grc' dir='ltr'>καί</span> <span class='ocrx_word' id='word_1_32' title='bbox 455 501 590 554; x_wconf 81' lang='grc' dir='ltr'><em>ἐζήτει</em></span> <span class='ocrx_word' id='word_1_33' title='bbox 630 501 700 543; x_wconf 79' lang='grc' dir='ltr'><em>τὸν</em></span> <span class='ocrx_word' id='word_1_34' title='bbox 745 500 929 557; x_wconf 85' lang='grc' dir='ltr'><em>α’δελφὸν</em></span> <span class='ocrx_word' id='word_1_35' title='bbox 975 499 1299 557; x_wconf 81' lang='grc' dir='ltr'><em>τούςἝλληνας.</em></span> <span class='ocrx_word' id='word_1_36' title='bbox 1369 504 1390 546; x_wconf 83' lang='grc' dir='ltr'><em>ὃ</em></span> <span class='ocrx_word' id='word_1_37' title='bbox 1426 507 1568 556; x_wconf 80' lang='grc' dir='ltr'><em>μέντοι</em></span> <span class='ocrx_word' id='word_1_38' title='bbox 1596 509 1666 561; x_wconf 83' lang='grc' dir='ltr'><em>τῆς</em></span> 
     </span>
     <span class='ocr_line' id='line_1_6' title="bbox 237 561 1700 624; baseline 0.005 -18"><span class='ocrx_word' id='word_1_39' title='bbox 237 565 403 619; x_wconf 83' lang='grc' dir='ltr'><em>Θέρμης</em></span> <span class='ocrx_word' id='word_1_40' title='bbox 447 561 590 619; x_wconf 69' lang='grc' dir='ltr'><em>ἅρχων</em></span> <span class='ocrx_word' id='word_1_41' title='bbox 626 564 794 620; x_wconf 78' lang='grc' dir='ltr'><em>ἄγγελον</em></span> <span class='ocrx_word' id='word_1_42' title='bbox 825 571 995 621; x_wconf 78' lang='grc' dir='ltr'><em>πέμψας</em></span> <span class='ocrx_word' id='word_1_43' title='bbox 1032 570 1103 610; x_wconf 77' lang='grc' dir='ltr'><em>ἐπὶ</em></span> <span class='ocrx_word' id='word_1_44' title='bbox 1129 567 1198 609; x_wconf 83' lang='grc' dir='ltr'><em>τὸν</em></span> <span class='ocrx_word' id='word_1_45' title='bbox 1224 571 1461 620; x_wconf 75' lang='grc' dir='ltr'><strong><em>Βυζαντίου</em></strong></span> <span class='ocrx_word' id='word_1_46' title='bbox 1491 574 1700 624; x_wconf 74' lang='grc' dir='ltr'><em>βασιλέαῧ</em></span> 
     </span>
     <span class='ocr_line' id='line_1_7' title="bbox 234 627 1666 688; baseline 0.004 -17"><span class='ocrx_word' id='word_1_47' title='bbox 234 627 383 683; x_wconf 76' lang='grc' dir='ltr'><em>ἐδήλου</em></span> <span class='ocrx_word' id='word_1_48' title='bbox 412 645 454 671; x_wconf 83' lang='grc' dir='ltr'><em>τε</em></span> <span class='ocrx_word' id='word_1_49' title='bbox 493 630 550 678; x_wconf 74' lang='grc' dir='ltr'><em>ὥς</em></span> <span class='ocrx_word' id='word_1_50' title='bbox 579 629 666 684; x_wconf 80' lang='grc' dir='ltr'><em>ἔχει</em></span> <span class='ocrx_word' id='word_1_51' title='bbox 704 631 817 688; x_wconf 70' lang='grc' dir='ltr'><em>αὐτῷ</em></span> <span class='ocrx_word' id='word_1_52' title='bbox 844 633 941 686; x_wconf 73' lang='grc' dir='ltr'><em>περί</em></span> <span class='ocrx_word' id='word_1_53' title='bbox 965 634 1039 673; x_wconf 81' lang='grc' dir='ltr'><em>τοῦ</em></span> <span class='ocrx_word' id='word_1_54' title='bbox 1066 631 1217 681; x_wconf 83' lang='grc' dir='ltr'><em>παιδὸς</em></span> <span class='ocrx_word' id='word_1_55' title='bbox 1254 633 1511 688; x_wconf 79' lang='grc' dir='ltr'><em>Παιαζήτεεο</em></span> <span class='ocrx_word' id='word_1_56' title='bbox 1543 638 1666 677; x_wconf 86' lang='grc' dir='ltr'><em>Μου-</em></span> 
     </span>
     <span class='ocr_line' id='line_1_8' title="bbox 233 695 1667 754; baseline 0.004 -19"><span class='ocrx_word' id='word_1_57' title='bbox 233 696 403 749; x_wconf 80' lang='grc' dir='ltr'><em>σταφᾶ,</em></span> <span class='ocrx_word' id='word_1_58' title='bbox 451 697 520 736; x_wconf 84' lang='grc' dir='ltr'><em>καί</em></span> <span class='ocrx_word' id='word_1_59' title='bbox 548 695 603 744; x_wconf 73' lang='grc' dir='ltr'><em>ὥς</em></span> <span class='ocrx_word' id='word_1_60' title='bbox 633 699 860 750; x_wconf 81' lang='grc' dir='ltr'><em>Μεχμὲτης</em></span> <span class='ocrx_word' id='word_1_61' title='bbox 888 695 1125 738; x_wconf 76' lang='grc' dir='ltr'><strong><em>ἐπελαύνων</em></strong></span> <span class='ocrx_word' id='word_1_62' title='bbox 1157 699 1357 747; x_wconf 81' lang='grc' dir='ltr'><em>ἑξαιτοΐτο</em></span> <span class='ocrx_word' id='word_1_63' title='bbox 1385 697 1456 741; x_wconf 78' lang='grc' dir='ltr'><em>τὸν</em></span> <span class='ocrx_word' id='word_1_64' title='bbox 1486 699 1667 754; x_wconf 80' lang='grc' dir='ltr'><em>α’δελφὸν</em></span> 
     </span>
     <span class='ocr_line' id='line_1_9' title="bbox 234 754 1666 816; baseline 0.003 -17"><span class='ocrx_word' id='word_1_65' title='bbox 234 754 302 800; x_wconf 78' lang='grc' dir='ltr'><em>οἷα</em></span> <span class='ocrx_word' id='word_1_66' title='bbox 330 762 470 813; x_wconf 76' lang='grc' dir='ltr'><em>ψευδῆ</em></span> <span class='ocrx_word' id='word_1_67' title='bbox 499 755 599 801; x_wconf 76' lang='grc' dir='ltr'><em>ὅντα</em></span> <span class='ocrx_word' id='word_1_68' title='bbox 630 763 702 801; x_wconf 82' lang='grc' dir='ltr'><em>καί</em></span> <span class='ocrx_word' id='word_1_69' title='bbox 726 762 1027 816; x_wconf 80' lang='grc' dir='ltr'><em>διαφθείροντα</em></span> <span class='ocrx_word' id='word_1_70' title='bbox 1056 761 1100 803; x_wconf 88' lang='grc' dir='ltr'><em>τὸ</em></span> <span class='ocrx_word' id='word_1_71' title='bbox 1131 763 1245 815; x_wconf 80' lang='grc' dir='ltr'><em>γένος</em></span> <span class='ocrx_word' id='word_1_72' title='bbox 1263 763 1410 804; x_wconf 71' lang='grc' dir='ltr'><em>αὐτοῦ.</em></span> <span class='ocrx_word' id='word_1_73' title='bbox 1467 763 1666 816; x_wconf 73' lang='grc' dir='ltr'><em>βασιλευς</em></span> 
     </span>
     <span class='ocr_line' id='line_1_10' title="bbox 233 823 1666 883; baseline 0.003 -18"><span class='ocrx_word' id='word_1_74' title='bbox 233 825 280 865; x_wconf 85' lang='grc' dir='ltr'><em>δὲ</em></span> <span class='ocrx_word' id='word_1_75' title='bbox 305 827 488 878; x_wconf 82' lang='grc' dir='ltr'><em>πρέσβυν</em></span> <span class='ocrx_word' id='word_1_76' title='bbox 515 839 558 865; x_wconf 88' lang='grc' dir='ltr'><em>τε</em></span> <span class='ocrx_word' id='word_1_77' title='bbox 603 823 765 878; x_wconf 82' lang='grc' dir='ltr'><em>ἔπεμψε</em></span> <span class='ocrx_word' id='word_1_78' title='bbox 802 825 906 878; x_wconf 86' lang='grc' dir='ltr'><em>πρὸς</em></span> <span class='ocrx_word' id='word_1_79' title='bbox 938 829 1188 881; x_wconf 71' lang='grc' dir='ltr'><em>ΠΙεχμέτην,</em></span> <span class='ocrx_word' id='word_1_80' title='bbox 1229 827 1299 868; x_wconf 81' lang='grc' dir='ltr'>καί</span> <span class='ocrx_word' id='word_1_81' title='bbox 1323 830 1521 869; x_wconf 78' lang='grc' dir='ltr'><em>συνέθετο</em></span> <span class='ocrx_word' id='word_1_82' title='bbox 1552 829 1666 883; x_wconf 73' lang='grc' dir='ltr'><em>αὐτῷ</em></span> 
     </span>
     <span class='ocr_line' id='line_1_11' title="bbox 231 888 1726 948; baseline -0.001 -17"><span class='ocrx_word' id='word_1_83' title='bbox 231 889 299 931; x_wconf 88' lang='grc' dir='ltr'><em>τὸν</em></span> <span class='ocrx_word' id='word_1_84' title='bbox 334 893 605 944; x_wconf 79' lang='grc' dir='ltr'><em>Μουσταφᾶν</em></span> <span class='ocrx_word' id='word_1_85' title='bbox 632 888 672 938; x_wconf 73' lang='grc' dir='ltr'><em>ἐς</em></span> <span class='ocrx_word' id='word_1_86' title='bbox 702 889 892 946; x_wconf 73' lang='grc' dir='ltr'><em>φυλακήν</em></span> <span class='ocrx_word' id='word_1_87' title='bbox 916 906 960 931; x_wconf 90' lang='grc' dir='ltr'><em>τε</em></span> <span class='ocrx_word' id='word_1_88' title='bbox 993 890 1251 944; x_wconf 78' lang='grc' dir='ltr'><em>ποιήσασθαι</em></span> <span class='ocrx_word' id='word_1_89' title='bbox 1294 894 1366 933; x_wconf 85' lang='grc' dir='ltr'>καί</span> <span class='ocrx_word' id='word_1_90' title='bbox 1394 893 1567 948; x_wconf 82' lang='grc' dir='ltr'><em>μηδαμῇ</em></span> <span class='ocrx_word' id='word_1_91' title='bbox 1588 907 1666 944; x_wconf 85' lang='grc' dir='ltr'><em>με-</em></span> <span class='ocrx_word' id='word_1_92' title='bbox 1680 897 1726 930; x_wconf 89' lang='grc'><em>10</em></span> 
     </span>
     <span class='ocr_line' id='line_1_12' title="bbox 231 953 1668 1012; baseline 0.002 -17"><span class='ocrx_word' id='word_1_93' title='bbox 231 957 370 995; x_wconf 79' lang='grc' dir='ltr'><em>θιέναι</em></span> <span class='ocrx_word' id='word_1_94' title='bbox 397 970 442 995; x_wconf 90' lang='grc' dir='ltr'><em>τε</em></span> <span class='ocrx_word' id='word_1_95' title='bbox 474 954 666 996; x_wconf 86' lang='grc' dir='ltr'><em>α’πιόντα.</em></span> <span class='ocrx_word' id='word_1_96' title='bbox 723 957 793 996; x_wconf 83' lang='grc' dir='ltr'><em>καί</em></span> <span class='ocrx_word' id='word_1_97' title='bbox 819 957 888 996; x_wconf 78' lang='grc' dir='ltr'><em>ἐπί</em></span> <span class='ocrx_word' id='word_1_98' title='bbox 926 956 1059 1012; x_wconf 73' lang='grc' dir='ltr'><em>τούτῳ</em></span> <span class='ocrx_word' id='word_1_99' title='bbox 1090 953 1208 1010; x_wconf 77' lang='grc' dir='ltr'><em>ὅρκιά</em></span> <span class='ocrx_word' id='word_1_100' title='bbox 1238 972 1280 998; x_wconf 88' lang='grc' dir='ltr'><em>τε</em></span> <span class='ocrx_word' id='word_1_101' title='bbox 1309 956 1569 1011; x_wconf 80' lang='grc' dir='ltr'><em>ἐποιήσαντο,</em></span> <span class='ocrx_word' id='word_1_102' title='bbox 1595 959 1668 998; x_wconf 86' lang='grc' dir='ltr'><strong><em>καί</em></strong></span> 
     </span>
     <span class='ocr_line' id='line_1_13' title="bbox 235 1017 1667 1078; baseline 0.001 -18"><span class='ocrx_word' id='word_1_103' title='bbox 235 1021 505 1073; x_wconf 73' lang='grc' dir='ltr'><em>Πίῖουσταφᾶν</em></span> <span class='ocrx_word' id='word_1_104' title='bbox 535 1020 578 1060; x_wconf 81' lang='grc' dir='ltr'><em>ἐν</em></span> <span class='ocrx_word' id='word_1_105' title='bbox 604 1017 834 1076; x_wconf 76' lang='grc' dir='ltr'><em>Ἐπιδαύρῳ</em></span> <span class='ocrx_word' id='word_1_106' title='bbox 863 1022 935 1075; x_wconf 76' lang='grc' dir='ltr'><em>τῆς</em></span> <span class='ocrx_word' id='word_1_107' title='bbox 962 1019 1282 1074; x_wconf 82' lang='grc' dir='ltr'><em>Πελοποννήσου</em></span> <span class='ocrx_word' id='word_1_108' title='bbox 1311 1024 1383 1062; x_wconf 76' lang='grc' dir='ltr'><em>καί</em></span> <span class='ocrx_word' id='word_1_109' title='bbox 1409 1023 1453 1062; x_wconf 81' lang='grc' dir='ltr'><em>ἐν</em></span> <span class='ocrx_word' id='word_1_110' title='bbox 1481 1024 1532 1077; x_wconf 82' lang='grc' dir='ltr'><em>τῇ</em></span> <span class='ocrx_word' id='word_1_111' title='bbox 1561 1018 1667 1078; x_wconf 72' lang='grc' dir='ltr'><em>ἄκρᾳ</em></span> 
     </span>
     <span class='ocr_line' id='line_1_14' title="bbox 95 1080 1667 1140; baseline 0 -15"><span class='ocrx_word' id='word_1_112' title='bbox 95 1098 133 1132; x_wconf 79' lang='grc' dir='ltr'><em>Ρ,</em></span> <span class='ocrx_word' id='word_1_113' title='bbox 152 1099 215 1132; x_wconf 82' lang='lat'><em>109</em></span> <span class='ocrx_word' id='word_1_114' title='bbox 231 1085 301 1137; x_wconf 72' lang='grc' dir='ltr'><em>τῆς</em></span> <span class='ocrx_word' id='word_1_115' title='bbox 331 1080 487 1130; x_wconf 85' lang='grc' dir='ltr'><em>πόλεως</em></span> <span class='ocrx_word' id='word_1_116' title='bbox 515 1084 824 1137; x_wconf 77' lang='grc' dir='ltr'><em>καθείρξαντες,</em></span> <span class='ocrx_word' id='word_1_117' title='bbox 851 1085 980 1125; x_wconf 69' lang='grc' dir='ltr'><em>αὐτόν</em></span> <span class='ocrx_word' id='word_1_118' title='bbox 1006 1100 1047 1125; x_wconf 87' lang='grc' dir='ltr'><em>τε</em></span> <span class='ocrx_word' id='word_1_119' title='bbox 1087 1084 1158 1125; x_wconf 85' lang='grc' dir='ltr'><em>τὸν</em></span> <span class='ocrx_word' id='word_1_120' title='bbox 1189 1088 1470 1140; x_wconf 81' lang='grc' dir='ltr'><em>Μουσταφᾶν,</em></span> <span class='ocrx_word' id='word_1_121' title='bbox 1500 1085 1571 1127; x_wconf 86' lang='grc' dir='ltr'>καί</span> <span class='ocrx_word' id='word_1_122' title='bbox 1594 1086 1667 1127; x_wconf 85' lang='grc' dir='ltr'><em>τὸν</em></span> 
     </span>
     <span class='ocr_line' id='line_1_15' title="bbox 229 1145 1668 1206; baseline 0.002 -18"><span class='ocrx_word' id='word_1_123' title='bbox 229 1149 417 1202; x_wconf 79' lang='grc' dir='ltr'><em>Σμύρνης</em></span> <span class='ocrx_word' id='word_1_124' title='bbox 459 1145 639 1200; x_wconf 76' lang='grc' dir='ltr'><em>ἄρχοντα</em></span> <span class='ocrx_word' id='word_1_125' title='bbox 663 1150 909 1203; x_wconf 81' lang='grc' dir='ltr'><em>Ζουναΐτην,</em></span> <span class='ocrx_word' id='word_1_126' title='bbox 940 1147 1029 1201; x_wconf 72' lang='grc' dir='ltr'><em>ἅμα</em></span> <span class='ocrx_word' id='word_1_127' title='bbox 1059 1150 1175 1206; x_wconf 64' lang='grc' dir='ltr'><em>αύτῷ</em></span> <span class='ocrx_word' id='word_1_128' title='bbox 1204 1147 1284 1190; x_wconf 72' lang='lat' dir='ltr'><em>dud</em></span> <span class='ocrx_word' id='word_1_129' title='bbox 1317 1152 1475 1198; x_wconf 84' lang='grc' dir='ltr'><em>Δακιάς</em></span> <span class='ocrx_word' id='word_1_130' title='bbox 1501 1149 1570 1191; x_wconf 73' lang='grc' dir='ltr'><em>ἐπὶ</em></span> <span class='ocrx_word' id='word_1_131' title='bbox 1594 1148 1668 1203; x_wconf 77' lang='grc' dir='ltr'><em>τὴν</em></span> 
     </span>
     <span class='ocr_line' id='line_1_16' title="bbox 232 1213 1726 1269; baseline -0.001 -14"><span class='ocrx_word' id='word_1_132' title='bbox 232 1215 401 1267; x_wconf 83' lang='grc' dir='ltr'><em>Θέρμην</em></span> <span class='ocrx_word' id='word_1_133' title='bbox 429 1213 685 1269; x_wconf 73' lang='grc' dir='ltr'><em>ἀφικόμενον</em></span> <span class='ocrx_word' id='word_1_134' title='bbox 711 1216 783 1255; x_wconf 83' lang='grc' dir='ltr'><em>καί</em></span> <span class='ocrx_word' id='word_1_135' title='bbox 809 1214 1184 1267; x_wconf 85' lang='grc' dir='ltr'><em>συνεπιλαβόμενον</em></span> <span class='ocrx_word' id='word_1_136' title='bbox 1213 1216 1290 1255; x_wconf 79' lang='grc' dir='ltr'><em>τοῦ</em></span> <span class='ocrx_word' id='word_1_137' title='bbox 1315 1214 1418 1268; x_wconf 82' lang='grc' dir='ltr'><em>πρὸς</em></span> <span class='ocrx_word' id='word_1_138' title='bbox 1437 1217 1666 1269; x_wconf 83' lang='grc' dir='ltr'><em>Μεχμέτην</em></span> <span class='ocrx_word' id='word_1_139' title='bbox 1682 1219 1726 1254; x_wconf 87' lang='grc'><em>15</em></span> 
     </span>
     <span class='ocr_line' id='line_1_17' title="bbox 231 1275 1665 1336; baseline 0 -17"><span class='ocrx_word' id='word_1_140' title='bbox 231 1281 426 1330; x_wconf 83' lang='grc' dir='ltr'><em>πολέμου.</em></span> <span class='ocrx_word' id='word_1_141' title='bbox 483 1278 655 1327; x_wconf 80' lang='grc' dir='ltr'><em>τούτους</em></span> <span class='ocrx_word' id='word_1_142' title='bbox 683 1280 760 1331; x_wconf 81' lang='grc' dir='ltr'><em>μὲν</em></span> <span class='ocrx_word' id='word_1_143' title='bbox 790 1275 865 1320; x_wconf 76' lang='grc' dir='ltr'><em>οὖν</em></span> <span class='ocrx_word' id='word_1_144' title='bbox 883 1276 1070 1333; x_wconf 59' lang='grc' dir='ltr'><em>’Έλληνες</em></span> <span class='ocrx_word' id='word_1_145' title='bbox 1099 1275 1211 1332; x_wconf 81' lang='grc' dir='ltr'><em>εἶχον</em></span> <span class='ocrx_word' id='word_1_146' title='bbox 1234 1281 1276 1320; x_wconf 81' lang='grc' dir='ltr'><em>ἐν</em></span> <span class='ocrx_word' id='word_1_147' title='bbox 1298 1282 1466 1336; x_wconf 83' lang='grc' dir='ltr'><em>φυλακῇ</em></span> <span class='ocrx_word' id='word_1_148' title='bbox 1494 1278 1565 1320; x_wconf 73' lang='grc' dir='ltr'><em>ἐπὶ</em></span> <span class='ocrx_word' id='word_1_149' title='bbox 1589 1295 1665 1320; x_wconf 89' lang='grc' dir='ltr'><em>συ-</em></span> 
     </span>
     <span class='ocr_line' id='line_1_18' title="bbox 227 1340 1666 1399; baseline 0.001 -17"><span class='ocrx_word' id='word_1_150' title='bbox 227 1341 328 1395; x_wconf 81' lang='grc' dir='ltr'><em>χνόν</em></span> <span class='ocrx_word' id='word_1_151' title='bbox 357 1358 449 1383; x_wconf 87' lang='grc' dir='ltr'><em>τινα</em></span> <span class='ocrx_word' id='word_1_152' title='bbox 473 1340 638 1398; x_wconf 78' lang='grc' dir='ltr'><em>χρόνον,</em></span> <span class='ocrx_word' id='word_1_153' title='bbox 667 1342 771 1396; x_wconf 79' lang='grc' dir='ltr'><em>μετὰ</em></span> <span class='ocrx_word' id='word_1_154' title='bbox 805 1346 850 1384; x_wconf 80' lang='grc' dir='ltr'><em>δὲ</em></span> <span class='ocrx_word' id='word_1_155' title='bbox 878 1347 1009 1386; x_wconf 81' lang='grc' dir='ltr'><em>ταῦτα</em></span> <span class='ocrx_word' id='word_1_156' title='bbox 1039 1341 1189 1398; x_wconf 71' lang='grc' dir='ltr'><em>ἤγαγον</em></span> <span class='ocrx_word' id='word_1_157' title='bbox 1219 1347 1260 1392; x_wconf 83' lang='grc' dir='ltr'><em>ἐς</em></span> <span class='ocrx_word' id='word_1_158' title='bbox 1288 1343 1364 1399; x_wconf 79' lang='grc' dir='ltr'><em>την</em></span> <span class='ocrx_word' id='word_1_159' title='bbox 1391 1346 1566 1398; x_wconf 73' lang='grc' dir='ltr'><em>Λῆμνον</em></span> <span class='ocrx_word' id='word_1_160' title='bbox 1593 1345 1666 1385; x_wconf 81' lang='grc' dir='ltr'><strong><em>καί</em></strong></span> 
     </span>
     <span class='ocr_line' id='line_1_19' title="bbox 230 1403 1667 1464; baseline 0 -16"><span class='ocrx_word' id='word_1_161' title='bbox 230 1410 272 1456; x_wconf 82' lang='grc' dir='ltr'><em>ἐς</em></span> <span class='ocrx_word' id='word_1_162' title='bbox 302 1405 379 1460; x_wconf 70' lang='grc' dir='ltr'><em>τήν</em></span> <span class='ocrx_word' id='word_1_163' title='bbox 398 1403 591 1461; x_wconf 78' lang='grc' dir='ltr'><em>Ἴμβρον,</em></span> <span class='ocrx_word' id='word_1_164' title='bbox 623 1407 696 1449; x_wconf 83' lang='grc' dir='ltr'><em>καί</em></span> <span class='ocrx_word' id='word_1_165' title='bbox 722 1409 855 1449; x_wconf 71' lang='grc' dir='ltr'><em>αὐτοῦ</em></span> <span class='ocrx_word' id='word_1_166' title='bbox 894 1406 1007 1462; x_wconf 82' lang='grc' dir='ltr'><em>εἶχον</em></span> <span class='ocrx_word' id='word_1_167' title='bbox 1035 1410 1079 1450; x_wconf 76' lang='grc' dir='ltr'><em>ἐν</em></span> <span class='ocrx_word' id='word_1_168' title='bbox 1107 1411 1274 1464; x_wconf 80' lang='grc' dir='ltr'><em>φυλακῇ</em></span> <span class='ocrx_word' id='word_1_169' title='bbox 1300 1411 1342 1457; x_wconf 80' lang='grc' dir='ltr'><em>ἐς</em></span> <span class='ocrx_word' id='word_1_170' title='bbox 1370 1407 1394 1449; x_wconf 76' lang='grc' dir='ltr'><em>ὃ</em></span> <span class='ocrx_word' id='word_1_171' title='bbox 1423 1409 1472 1462; x_wconf 77' lang='grc' dir='ltr'><em>δὴ</em></span> <span class='ocrx_word' id='word_1_172' title='bbox 1502 1406 1667 1450; x_wconf 74' lang='grc' dir='ltr'><em>ἐτελεύ-</em></span> 
     </span>
     <span class='ocr_line' id='line_1_20' title="bbox 232 1471 1666 1528; baseline 0.001 -15"><span class='ocrx_word' id='word_1_173' title='bbox 232 1488 330 1527; x_wconf 89' lang='grc' dir='ltr'><em>τησε</em></span> <span class='ocrx_word' id='word_1_174' title='bbox 364 1473 592 1526; x_wconf 80' lang='grc' dir='ltr'><em>Μεχμέτης</em></span> <span class='ocrx_word' id='word_1_175' title='bbox 621 1472 641 1515; x_wconf 82' lang='grc' dir='ltr'><em>ὃ</em></span> <span class='ocrx_word' id='word_1_176' title='bbox 670 1473 937 1527; x_wconf 80' lang='grc' dir='ltr'><em>Παιαζήτεω.</em></span> <span class='ocrx_word' id='word_1_177' title='bbox 1009 1474 1097 1516; x_wconf 90' lang='grc' dir='ltr'><em>τότε</em></span> <span class='ocrx_word' id='word_1_178' title='bbox 1126 1477 1202 1527; x_wconf 82' lang='grc' dir='ltr'><em>μὲν</em></span> <span class='ocrx_word' id='word_1_179' title='bbox 1230 1474 1279 1528; x_wconf 75' lang='grc' dir='ltr'><em>δὴ</em></span> <span class='ocrx_word' id='word_1_180' title='bbox 1310 1471 1582 1528; x_wconf 82' lang='grc' dir='ltr'><em>χαριζόμενοι</em></span> <span class='ocrx_word' id='word_1_181' title='bbox 1608 1475 1666 1528; x_wconf 77' lang='grc' dir='ltr'><em>τῷ</em></span> 
     </span>
     <span class='ocr_line' id='line_1_21' title="bbox 230 1534 1722 1593; baseline -0.001 -16"><span class='ocrx_word' id='word_1_182' title='bbox 230 1540 401 1590; x_wconf 80' lang='grc' dir='ltr'><em>βασιλεῖ</em></span> <span class='ocrx_word' id='word_1_183' title='bbox 438 1536 474 1578; x_wconf 80' lang='grc' dir='ltr'><em>οἱ</em></span> <span class='ocrx_word' id='word_1_184' title='bbox 511 1534 720 1592; x_wconf 54' lang='grc' dir='ltr'><em>(Έλληνες,</em></span> <span class='ocrx_word' id='word_1_185' title='bbox 759 1541 830 1579; x_wconf 84' lang='grc' dir='ltr'><em>καί</em></span> <span class='ocrx_word' id='word_1_186' title='bbox 864 1539 938 1592; x_wconf 72' lang='grc' dir='ltr'><em>τὴν</em></span> <span class='ocrx_word' id='word_1_187' title='bbox 967 1538 1115 1590; x_wconf 81' lang='grc' dir='ltr'><em>ὅμοιἀν</em></span> <span class='ocrx_word' id='word_1_188' title='bbox 1143 1537 1508 1593; x_wconf 76' lang='grc' dir='ltr'><em>ἀνταποδιδόντες,</em></span> <span class='ocrx_word' id='word_1_189' title='bbox 1548 1539 1722 1578; x_wconf 80' lang='grc' dir='ltr'><em>κατέ-20</em></span> 
     </span>
     <span class='ocr_line' id='line_1_22' title="bbox 231 1599 1664 1659; baseline 0.001 -17"><span class='ocrx_word' id='word_1_190' title='bbox 231 1605 354 1643; x_wconf 78' lang='grc' dir='ltr'><em>θεντο</em></span> <span class='ocrx_word' id='word_1_191' title='bbox 390 1599 563 1650; x_wconf 68' lang='grc' dir='ltr'><em>τούτους</em></span> <span class='ocrx_word' id='word_1_192' title='bbox 604 1604 649 1643; x_wconf 75' lang='grc' dir='ltr'><em>ἐν</em></span> <span class='ocrx_word' id='word_1_193' title='bbox 684 1603 914 1659; x_wconf 73' lang='grc' dir='ltr'><em>Ἐπιδαύρῳ</em></span> <span class='ocrx_word' id='word_1_194' title='bbox 951 1605 1022 1656; x_wconf 80' lang='grc' dir='ltr'><em>τῆς</em></span> <span class='ocrx_word' id='word_1_195' title='bbox 1057 1602 1406 1657; x_wconf 86' lang='grc' dir='ltr'><em>Πελοποννήσου·</em></span> <span class='ocrx_word' id='word_1_196' title='bbox 1480 1603 1552 1643; x_wconf 84' lang='grc' dir='ltr'>καί</span> <span class='ocrx_word' id='word_1_197' title='bbox 1591 1603 1664 1643; x_wconf 76' lang='grc' dir='ltr'><em>οὐκ</em></span> 
     </span>
     <span class='ocr_line' id='line_1_23' title="bbox 229 1664 1590 1723; baseline 0.001 -16"><span class='ocrx_word' id='word_1_198' title='bbox 229 1665 342 1708; x_wconf 81' lang='grc' dir='ltr'><em>ἔστιν</em></span> <span class='ocrx_word' id='word_1_199' title='bbox 369 1664 464 1707; x_wconf 80' lang='grc' dir='ltr'><em>ὅτου</em></span> <span class='ocrx_word' id='word_1_200' title='bbox 493 1667 745 1721; x_wconf 69' lang='grc' dir='ltr'><em>ἀποτύχοιεν</em></span> <span class='ocrx_word' id='word_1_201' title='bbox 771 1667 840 1708; x_wconf 82' lang='grc' dir='ltr'><em>διὰ</em></span> <span class='ocrx_word' id='word_1_202' title='bbox 871 1670 1002 1710; x_wconf 80' lang='grc' dir='ltr'><em>ταῦτα</em></span> <span class='ocrx_word' id='word_1_203' title='bbox 1034 1667 1147 1723; x_wconf 71' lang='grc' dir='ltr'><em>παρὰ</em></span> <span class='ocrx_word' id='word_1_204' title='bbox 1178 1670 1349 1720; x_wconf 84' lang='grc' dir='ltr'><em>βασιλεῖ</em></span> <span class='ocrx_word' id='word_1_205' title='bbox 1373 1669 1590 1723; x_wconf 83' lang='grc' dir='ltr'><em>Μεχμὲτῃ.</em></span> 
     </span>
    </p>
   </div>
   <div class='ocr_carea' id='block_1_3' title="bbox 228 1872 1662 2752">
    <p class='ocr_par' dir='ltr' id='par_1_3' title="bbox 228 1872 1662 2752">
     <span class='ocr_line' id='line_1_24' title="bbox 229 1872 1661 1921; baseline 0.001 -15"><span class='ocrx_word' id='word_1_206' title='bbox 229 1872 430 1915; x_wconf 65' lang='lat' dir='ltr'>Ther-mam,</span> <span class='ocrx_word' id='word_1_207' title='bbox 458 1886 549 1920; x_wconf 81' lang='lat' dir='ltr'>qnae</span> <span class='ocrx_word' id='word_1_208' title='bbox 574 1876 656 1910; x_wconf 86' lang='lat' dir='ltr'>urbs</span> <span class='ocrx_word' id='word_1_209' title='bbox 682 1882 736 1910; x_wconf 84' lang='lat' dir='ltr'><em>est</em></span> <span class='ocrx_word' id='word_1_210' title='bbox 762 1877 985 1910; x_wconf 81' lang='lat' dir='ltr'>Graecorum.</span> <span class='ocrx_word' id='word_1_211' title='bbox 1033 1876 1085 1908; x_wconf 88' lang='lat' dir='ltr'><em>ibi</em></span> <span class='ocrx_word' id='word_1_212' title='bbox 1112 1876 1259 1910; x_wconf 85' lang='lat' dir='ltr'>veniens</span> <span class='ocrx_word' id='word_1_213' title='bbox 1282 1877 1320 1909; x_wconf 86' lang='lat' dir='ltr'><em>iu</em></span> <span class='ocrx_word' id='word_1_214' title='bbox 1339 1875 1558 1921; x_wconf 86' lang='lat' dir='ltr'>colloquium</span> <span class='ocrx_word' id='word_1_215' title='bbox 1583 1886 1661 1908; x_wconf 88' lang='lat' dir='ltr'><em>cum</em></span> 
     </span>
     <span class='ocr_line' id='line_1_25' title="bbox 230 1921 1661 1968; baseline 0.001 -15"><span class='ocrx_word' id='word_1_216' title='bbox 230 1921 444 1954; x_wconf 85' lang='lat' dir='ltr'>Graecorum</span> <span class='ocrx_word' id='word_1_217' title='bbox 470 1922 571 1963; x_wconf 84' lang='lat' dir='ltr'>duce,</span> <span class='ocrx_word' id='word_1_218' title='bbox 598 1928 634 1955; x_wconf 87' lang='lat' dir='ltr'><em>et</em></span> <span class='ocrx_word' id='word_1_219' title='bbox 659 1923 780 1956; x_wconf 85' lang='lat' dir='ltr'>urbem</span> <span class='ocrx_word' id='word_1_220' title='bbox 805 1924 993 1966; x_wconf 82' lang='lat' dir='ltr'>ingressus,</span> <span class='ocrx_word' id='word_1_221' title='bbox 1019 1928 1142 1968; x_wconf 80' lang='lat' dir='ltr'>captus</span> <span class='ocrx_word' id='word_1_222' title='bbox 1164 1929 1226 1955; x_wconf 86' lang='lat' dir='ltr'>est.</span> <span class='ocrx_word' id='word_1_223' title='bbox 1275 1922 1489 1955; x_wconf 84' lang='lat' dir='ltr'>Mechmetes</span> <span class='ocrx_word' id='word_1_224' title='bbox 1517 1921 1579 1954; x_wconf 86' lang='lat' dir='ltr'><em>ubi</em></span> <span class='ocrx_word' id='word_1_225' title='bbox 1604 1933 1661 1954; x_wconf 87' lang='lat' dir='ltr'><em>re-</em></span> 
     </span>
     <span class='ocr_line' id='line_1_26' title="bbox 230 1967 1662 2014; baseline 0.001 -15"><span class='ocrx_word' id='word_1_226' title='bbox 230 1967 331 2000; x_wconf 77' lang='lat' dir='ltr'>scivit</span> <span class='ocrx_word' id='word_1_227' title='bbox 365 1967 506 2000; x_wconf 82' lang='lat' dir='ltr'>fratrem</span> <span class='ocrx_word' id='word_1_228' title='bbox 534 1980 635 2001; x_wconf 85' lang='lat' dir='ltr'>sunm</span> <span class='ocrx_word' id='word_1_229' title='bbox 669 1970 870 2014; x_wconf 82' lang='lat' dir='ltr'>pervenisse</span> <span class='ocrx_word' id='word_1_230' title='bbox 902 1969 1116 2010; x_wconf 69' lang='lat' dir='ltr'>Thermum,</span> <span class='ocrx_word' id='word_1_231' title='bbox 1142 1969 1329 2001; x_wconf 83' lang='lat' dir='ltr'>confestim</span> <span class='ocrx_word' id='word_1_232' title='bbox 1357 1969 1451 2001; x_wconf 87' lang='lat' dir='ltr'><em>omni</em></span> <span class='ocrx_word' id='word_1_233' title='bbox 1474 1979 1572 2000; x_wconf 85' lang='lat' dir='ltr'><em>mora</em></span> <span class='ocrx_word' id='word_1_234' title='bbox 1594 1980 1662 2012; x_wconf 88' lang='lat' dir='ltr'><em>po-</em></span> 
     </span>
     <span class='ocr_line' id='line_1_27' title="bbox 228 2013 1662 2060; baseline 0.001 -14"><span class='ocrx_word' id='word_1_235' title='bbox 228 2014 308 2054; x_wconf 76' lang='lat' dir='ltr'>sita,</span> <span class='ocrx_word' id='word_1_236' title='bbox 338 2013 526 2046; x_wconf 73' lang='lat' dir='ltr'>Thermum</span> <span class='ocrx_word' id='word_1_237' title='bbox 549 2026 682 2047; x_wconf 86' lang='lat' dir='ltr'>summa</span> <span class='ocrx_word' id='word_1_238' title='bbox 710 2016 891 2048; x_wconf 77' lang='lat' dir='ltr'><em>celeritate</em></span> <span class='ocrx_word' id='word_1_239' title='bbox 917 2015 1077 2048; x_wconf 78' lang='lat' dir='ltr'>adhibita</span> <span class='ocrx_word' id='word_1_240' title='bbox 1102 2015 1282 2060; x_wconf 83' lang='lat' dir='ltr'>profectus</span> <span class='ocrx_word' id='word_1_241' title='bbox 1308 2020 1383 2057; x_wconf 86' lang='lat' dir='ltr'>est;</span> <span class='ocrx_word' id='word_1_242' title='bbox 1409 2020 1662 2059; x_wconf 85' lang='lat' dir='ltr'>assumptoque</span> 
     </span>
     <span class='ocr_line' id='line_1_28' title="bbox 229 2059 1662 2106; baseline -0.001 -14"><span class='ocrx_word' id='word_1_243' title='bbox 229 2059 399 2101; x_wconf 78' lang='lat' dir='ltr'>exercitu,</span> <span class='ocrx_word' id='word_1_244' title='bbox 425 2061 567 2093; x_wconf 79' lang='lat' dir='ltr'>fratrem</span> <span class='ocrx_word' id='word_1_245' title='bbox 594 2061 786 2105; x_wconf 75' lang='lat' dir='ltr'>quaerebat</span> <span class='ocrx_word' id='word_1_246' title='bbox 809 2061 903 2106; x_wconf 81' lang='lat' dir='ltr'>apud</span> <span class='ocrx_word' id='word_1_247' title='bbox 929 2062 1092 2094; x_wconf 82' lang='lat' dir='ltr'><em>Graecos.</em></span> <span class='ocrx_word' id='word_1_248' title='bbox 1123 2061 1194 2093; x_wconf 76' lang='lat' dir='ltr'><em>dux</em></span> <span class='ocrx_word' id='word_1_249' title='bbox 1219 2061 1445 2102; x_wconf 79' lang='lat' dir='ltr'><em>Graecorum,</em></span> <span class='ocrx_word' id='word_1_250' title='bbox 1472 2059 1662 2104; x_wconf 86' lang='lat' dir='ltr'>quiTher-</span> 
     </span>
     <span class='ocr_line' id='line_1_29' title="bbox 228 2105 1661 2152; baseline -0.001 -13"><span class='ocrx_word' id='word_1_251' title='bbox 228 2117 318 2139; x_wconf 86' lang='lat' dir='ltr'><em>mam</em></span> <span class='ocrx_word' id='word_1_252' title='bbox 357 2107 522 2149; x_wconf 79' lang='lat' dir='ltr'>regebat,</span> <span class='ocrx_word' id='word_1_253' title='bbox 562 2108 729 2139; x_wconf 80' lang='lat' dir='ltr'>nuntium</span> <span class='ocrx_word' id='word_1_254' title='bbox 765 2107 810 2139; x_wconf 73' lang='lat' dir='ltr'><em>ad</em></span> <span class='ocrx_word' id='word_1_255' title='bbox 838 2109 992 2150; x_wconf 82' lang='lat' dir='ltr'>Byzantii</span> <span class='ocrx_word' id='word_1_256' title='bbox 1026 2119 1140 2152; x_wconf 83' lang='lat' dir='ltr'>regem</span> <span class='ocrx_word' id='word_1_257' title='bbox 1166 2108 1217 2139; x_wconf 88' lang='lat' dir='ltr'><em>ire</em></span> <span class='ocrx_word' id='word_1_258' title='bbox 1243 2107 1367 2147; x_wconf 81' lang='lat' dir='ltr'>iubet,</span> <span class='ocrx_word' id='word_1_259' title='bbox 1393 2113 1432 2140; x_wconf 83' lang='lat' dir='ltr'><em>ut</em></span> <span class='ocrx_word' id='word_1_260' title='bbox 1456 2106 1551 2139; x_wconf 77' lang='lat' dir='ltr'>dicat</span> <span class='ocrx_word' id='word_1_261' title='bbox 1573 2105 1661 2151; x_wconf 84' lang='lat' dir='ltr'>quid</span> 
     </span>
     <span class='ocr_line' id='line_1_30' title="bbox 229 2153 1661 2198; baseline -0.001 -14"><span class='ocrx_word' id='word_1_262' title='bbox 229 2153 341 2196; x_wconf 83' lang='lat' dir='ltr'>egerit.</span> <span class='ocrx_word' id='word_1_263' title='bbox 364 2164 439 2184; x_wconf 87' lang='lat' dir='ltr'><em>cum</em></span> <span class='ocrx_word' id='word_1_264' title='bbox 467 2153 670 2197; x_wconf 78' lang='lat' dir='ltr'>Mustapha;</span> <span class='ocrx_word' id='word_1_265' title='bbox 700 2159 858 2186; x_wconf 77' lang='lat' dir='ltr'>narraret</span> <span class='ocrx_word' id='word_1_266' title='bbox 882 2165 1025 2198; x_wconf 86' lang='lat' dir='ltr'>quoque</span> <span class='ocrx_word' id='word_1_267' title='bbox 1057 2154 1239 2186; x_wconf 80' lang='lat' dir='ltr'>advenisse</span> <span class='ocrx_word' id='word_1_268' title='bbox 1266 2153 1511 2192; x_wconf 80' lang='lat' dir='ltr'>Mechmetem,</span> <span class='ocrx_word' id='word_1_269' title='bbox 1535 2157 1571 2184; x_wconf 83' lang='lat' dir='ltr'><em>et</em></span> <span class='ocrx_word' id='word_1_270' title='bbox 1592 2164 1661 2196; x_wconf 86' lang='lat' dir='ltr'><em>po-</em></span> 
     </span>
     <span class='ocr_line' id='line_1_31' title="bbox 229 2199 1659 2244; baseline -0.001 -13"><span class='ocrx_word' id='word_1_271' title='bbox 229 2199 362 2231; x_wconf 82' lang='lat' dir='ltr'><em>stulare</em></span> <span class='ocrx_word' id='word_1_272' title='bbox 392 2199 459 2231; x_wconf 80' lang='lat' dir='ltr'>sibi</span> <span class='ocrx_word' id='word_1_273' title='bbox 483 2199 565 2231; x_wconf 83' lang='lat' dir='ltr'><em>dedi</em></span> <span class='ocrx_word' id='word_1_274' title='bbox 591 2199 814 2243; x_wconf 81' lang='lat' dir='ltr'><strong>Mustapham</strong></span> <span class='ocrx_word' id='word_1_275' title='bbox 841 2205 879 2232; x_wconf 87' lang='lat' dir='ltr'><em>nt</em></span> <span class='ocrx_word' id='word_1_276' title='bbox 904 2200 1045 2233; x_wconf 78' lang='lat' dir='ltr'>fratrem</span> <span class='ocrx_word' id='word_1_277' title='bbox 1084 2199 1353 2244; x_wconf 86' lang='lat' dir='ltr'>suppositicium</span> <span class='ocrx_word' id='word_1_278' title='bbox 1381 2204 1418 2232; x_wconf 83' lang='lat' dir='ltr'><em>et</em></span> <span class='ocrx_word' id='word_1_279' title='bbox 1444 2199 1497 2232; x_wconf 81' lang='lat' dir='ltr'><em>sui</em></span> <span class='ocrx_word' id='word_1_280' title='bbox 1522 2199 1659 2242; x_wconf 83' lang='lat' dir='ltr'>generis</span> 
     </span>
     <span class='ocr_line' id='line_1_32' title="bbox 230 2244 1660 2290; baseline -0.001 -13"><span class='ocrx_word' id='word_1_281' title='bbox 230 2246 414 2278; x_wconf 85' lang='lat' dir='ltr'>maculam.</span> <span class='ocrx_word' id='word_1_282' title='bbox 465 2256 524 2277; x_wconf 84' lang='lat' dir='ltr'><em>rex</em></span> <span class='ocrx_word' id='word_1_283' title='bbox 556 2247 662 2278; x_wconf 85' lang='lat' dir='ltr'>misso</span> <span class='ocrx_word' id='word_1_284' title='bbox 699 2247 816 2289; x_wconf 83' lang='lat' dir='ltr'>legato</span> <span class='ocrx_word' id='word_1_285' title='bbox 840 2251 980 2290; x_wconf 82' lang='lat' dir='ltr'>pactum</span> <span class='ocrx_word' id='word_1_286' title='bbox 1005 2246 1085 2278; x_wconf 84' lang='lat' dir='ltr'>iniit</span> <span class='ocrx_word' id='word_1_287' title='bbox 1109 2257 1186 2278; x_wconf 89' lang='lat' dir='ltr'><em>cum</em></span> <span class='ocrx_word' id='word_1_288' title='bbox 1211 2245 1433 2285; x_wconf 83' lang='lat' dir='ltr'>Mechmete‚</span> <span class='ocrx_word' id='word_1_289' title='bbox 1461 2256 1532 2290; x_wconf 88' lang='lat' dir='ltr'><em>quo</em></span> <span class='ocrx_word' id='word_1_290' title='bbox 1555 2244 1660 2276; x_wconf 87' lang='lat' dir='ltr'>iube-</span> 
     </span>
     <span class='ocr_line' id='line_1_33' title="bbox 230 2291 1658 2336; baseline -0.001 -13"><span class='ocrx_word' id='word_1_291' title='bbox 230 2291 335 2323; x_wconf 86' lang='lat' dir='ltr'>batur</span> <span class='ocrx_word' id='word_1_292' title='bbox 363 2291 585 2336; x_wconf 80' lang='lat' dir='ltr'><strong>Mustapham</strong></span> <span class='ocrx_word' id='word_1_293' title='bbox 627 2293 664 2323; x_wconf 85' lang='lat' dir='ltr'><em>in</em></span> <span class='ocrx_word' id='word_1_294' title='bbox 705 2292 845 2324; x_wconf 80' lang='lat' dir='ltr'><em>vincula</em></span> <span class='ocrx_word' id='word_1_295' title='bbox 872 2292 978 2332; x_wconf 84' lang='lat' dir='ltr'>dare,</span> <span class='ocrx_word' id='word_1_296' title='bbox 1005 2303 1071 2324; x_wconf 91' lang='lat' dir='ltr'><em>nec</em></span> <span class='ocrx_word' id='word_1_297' title='bbox 1094 2291 1177 2324; x_wconf 85' lang='lat' dir='ltr'>inde</span> <span class='ocrx_word' id='word_1_298' title='bbox 1202 2291 1300 2324; x_wconf 84' lang='lat' dir='ltr'>abire</span> <span class='ocrx_word' id='word_1_299' title='bbox 1325 2292 1441 2336; x_wconf 86' lang='lat' dir='ltr'>ipsum</span> <span class='ocrx_word' id='word_1_300' title='bbox 1465 2295 1658 2336; x_wconf 80' lang='lat' dir='ltr'>pateretur.</span> 
     </span>
     <span class='ocr_line' id='line_1_34' title="bbox 231 2337 1661 2382; baseline 0 -14"><span class='ocrx_word' id='word_1_301' title='bbox 231 2343 372 2382; x_wconf 68' lang='lat' dir='ltr'>pactum</span> <span class='ocrx_word' id='word_1_302' title='bbox 401 2338 467 2370; x_wconf 91' lang='lat' dir='ltr'><em>hoc</em></span> <span class='ocrx_word' id='word_1_303' title='bbox 502 2338 729 2370; x_wconf 82' lang='lat' dir='ltr'>iurisiurandi</span> <span class='ocrx_word' id='word_1_304' title='bbox 756 2339 927 2382; x_wconf 85' lang='lat' dir='ltr'>religione</span> <span class='ocrx_word' id='word_1_305' title='bbox 964 2339 1156 2370; x_wconf 82' lang='lat' dir='ltr'>firmarunt.</span> <span class='ocrx_word' id='word_1_306' title='bbox 1212 2337 1432 2382; x_wconf 87' lang='lat' dir='ltr'><strong>Mustapham</strong></span> <span class='ocrx_word' id='word_1_307' title='bbox 1458 2338 1564 2381; x_wconf 80' lang='lat' dir='ltr'>igitur</span> <span class='ocrx_word' id='word_1_308' title='bbox 1590 2347 1661 2368; x_wconf 85' lang='lat' dir='ltr'><em>nna</em></span> 
     </span>
     <span class='ocr_line' id='line_1_35' title="bbox 232 2383 1660 2428; baseline 0 -13"><span class='ocrx_word' id='word_1_309' title='bbox 232 2395 308 2415; x_wconf 86' lang='lat' dir='ltr'><em>cum</em></span> <span class='ocrx_word' id='word_1_310' title='bbox 336 2384 505 2427; x_wconf 84' lang='lat' dir='ltr'>Smyrnae</span> <span class='ocrx_word' id='word_1_311' title='bbox 540 2383 627 2416; x_wconf 90' lang='lat' dir='ltr'>duce</span> <span class='ocrx_word' id='word_1_312' title='bbox 651 2385 817 2422; x_wconf 81' lang='lat' dir='ltr'><em>Zunaite,</em></span> <span class='ocrx_word' id='word_1_313' title='bbox 843 2385 902 2428; x_wconf 86' lang='lat' dir='ltr'><em>qui</em></span> <span class='ocrx_word' id='word_1_314' title='bbox 933 2395 1011 2416; x_wconf 89' lang='lat' dir='ltr'><em>cum</em></span> <span class='ocrx_word' id='word_1_315' title='bbox 1045 2395 1087 2417; x_wconf 90' lang='lat' dir='ltr'><em>eo</em></span> <span class='ocrx_word' id='word_1_316' title='bbox 1114 2384 1301 2418; x_wconf 85' lang='lat' dir='ltr'>Thermam</span> <span class='ocrx_word' id='word_1_317' title='bbox 1327 2383 1518 2416; x_wconf 81' lang='lat' dir='ltr'>advenerat</span> <span class='ocrx_word' id='word_1_318' title='bbox 1543 2394 1660 2415; x_wconf 85' lang='lat' dir='ltr'>acces-</span> 
     </span>
     <span class='ocr_line' id='line_1_36' title="bbox 231 2429 1660 2474; baseline -0.001 -12"><span class='ocrx_word' id='word_1_319' title='bbox 231 2435 395 2474; x_wconf 83' lang='lat' dir='ltr'>seratque</span> <span class='ocrx_word' id='word_1_320' title='bbox 424 2430 509 2462; x_wconf 88' lang='lat' dir='ltr'><em>belli</em></span> <span class='ocrx_word' id='word_1_321' title='bbox 537 2435 658 2463; x_wconf 82' lang='lat' dir='ltr'><em>contra</em></span> <span class='ocrx_word' id='word_1_322' title='bbox 682 2430 913 2463; x_wconf 81' lang='lat' dir='ltr'>Mechmetem</span> <span class='ocrx_word' id='word_1_323' title='bbox 943 2430 1097 2470; x_wconf 85' lang='lat' dir='ltr'><em>adiutor,</em></span> <span class='ocrx_word' id='word_1_324' title='bbox 1123 2431 1159 2463; x_wconf 90' lang='lat' dir='ltr'><em>in</em></span> <span class='ocrx_word' id='word_1_325' title='bbox 1185 2441 1263 2462; x_wconf 83' lang='lat' dir='ltr'>arce</span> <span class='ocrx_word' id='word_1_326' title='bbox 1290 2429 1454 2474; x_wconf 85' lang='lat' dir='ltr'>Epidauri</span> <span class='ocrx_word' id='word_1_327' title='bbox 1482 2430 1520 2462; x_wconf 85' lang='lat' dir='ltr'><em>in</em></span> <span class='ocrx_word' id='word_1_328' title='bbox 1546 2439 1660 2461; x_wconf 88' lang='lat' dir='ltr'>carce-</span> 
     </span>
     <span class='ocr_line' id='line_1_37' title="bbox 233 2476 1660 2520; baseline -0.001 -12"><span class='ocrx_word' id='word_1_329' title='bbox 233 2487 304 2508; x_wconf 86' lang='lat' dir='ltr'><em>rem</em></span> <span class='ocrx_word' id='word_1_330' title='bbox 332 2476 461 2509; x_wconf 86' lang='lat' dir='ltr'>dedere</span> <span class='ocrx_word' id='word_1_331' title='bbox 501 2476 648 2509; x_wconf 85' lang='lat' dir='ltr'><em>vinctos.</em></span> <span class='ocrx_word' id='word_1_332' title='bbox 705 2477 828 2509; x_wconf 79' lang='lat' dir='ltr'>Graeci</span> <span class='ocrx_word' id='word_1_333' title='bbox 851 2482 1009 2520; x_wconf 82' lang='lat' dir='ltr'><em>tempore</em></span> <span class='ocrx_word' id='word_1_334' title='bbox 1038 2477 1144 2520; x_wconf 84' lang='lat' dir='ltr'>longo</span> <span class='ocrx_word' id='word_1_335' title='bbox 1182 2488 1242 2509; x_wconf 83' lang='lat' dir='ltr'><em>eos</em></span> <span class='ocrx_word' id='word_1_336' title='bbox 1266 2477 1303 2508; x_wconf 86' lang='lat' dir='ltr'><em>in</em></span> <span class='ocrx_word' id='word_1_337' title='bbox 1328 2476 1477 2508; x_wconf 87' lang='lat' dir='ltr'>vinculis</span> <span class='ocrx_word' id='word_1_338' title='bbox 1501 2485 1660 2508; x_wconf 80' lang='lat' dir='ltr'>asserva-</span> 
     </span>
     <span class='ocr_line' id='line_1_38' title="bbox 233 2522 1659 2566; baseline -0.001 -12"><span class='ocrx_word' id='word_1_339' title='bbox 233 2527 324 2554; x_wconf 85' lang='lat' dir='ltr'>runt.</span> <span class='ocrx_word' id='word_1_340' title='bbox 372 2527 494 2566; x_wconf 77' lang='lat' dir='ltr'>postea</span> <span class='ocrx_word' id='word_1_341' title='bbox 527 2522 623 2555; x_wconf 85' lang='lat' dir='ltr'>ducti</span> <span class='ocrx_word' id='word_1_342' title='bbox 661 2527 745 2555; x_wconf 86' lang='lat' dir='ltr'>sunt</span> <span class='ocrx_word' id='word_1_343' title='bbox 776 2523 812 2554; x_wconf 92' lang='lat' dir='ltr'><em>in</em></span> <span class='ocrx_word' id='word_1_344' title='bbox 837 2522 991 2554; x_wconf 82' lang='lat' dir='ltr'>Imbrum</span> <span class='ocrx_word' id='word_1_345' title='bbox 1017 2529 1052 2555; x_wconf 84' lang='lat' dir='ltr'><em>et</em></span> <span class='ocrx_word' id='word_1_346' title='bbox 1076 2523 1268 2564; x_wconf 84' lang='lat' dir='ltr'>Lemnum,</span> <span class='ocrx_word' id='word_1_347' title='bbox 1293 2522 1352 2554; x_wconf 93' lang='lat' dir='ltr'><em>ubi</em></span> <span class='ocrx_word' id='word_1_348' title='bbox 1378 2523 1415 2555; x_wconf 86' lang='lat' dir='ltr'><em>iu</em></span> <span class='ocrx_word' id='word_1_349' title='bbox 1440 2532 1576 2554; x_wconf 85' lang='lat' dir='ltr'>carcere</span> <span class='ocrx_word' id='word_1_350' title='bbox 1599 2531 1659 2553; x_wconf 83' lang='lat' dir='ltr'><em>ca-</em></span> 
     </span>
     <span class='ocr_line' id='line_1_39' title="bbox 231 2566 1660 2613; baseline -0.001 -13"><span class='ocrx_word' id='word_1_351' title='bbox 231 2569 321 2612; x_wconf 86' lang='lat' dir='ltr'>ptivi</span> <span class='ocrx_word' id='word_1_352' title='bbox 347 2568 522 2601; x_wconf 83' lang='lat' dir='ltr'>delituere</span> <span class='ocrx_word' id='word_1_353' title='bbox 553 2579 662 2613; x_wconf 86' lang='lat' dir='ltr'>usque</span> <span class='ocrx_word' id='word_1_354' title='bbox 702 2568 745 2601; x_wconf 83' lang='lat' dir='ltr'><em>ad</em></span> <span class='ocrx_word' id='word_1_355' title='bbox 772 2568 979 2601; x_wconf 78' lang='lat' dir='ltr'>Mechmetis</span> <span class='ocrx_word' id='word_1_356' title='bbox 1013 2569 1160 2601; x_wconf 85' lang='lat' dir='ltr'><em>obitum.</em></span> <span class='ocrx_word' id='word_1_357' title='bbox 1210 2579 1287 2601; x_wconf 90' lang='lat' dir='ltr'>curn</span> <span class='ocrx_word' id='word_1_358' title='bbox 1315 2569 1423 2611; x_wconf 81' lang='lat' dir='ltr'>igitur</span> <span class='ocrx_word' id='word_1_359' title='bbox 1447 2567 1570 2600; x_wconf 84' lang='lat' dir='ltr'>Graeci</span> <span class='ocrx_word' id='word_1_360' title='bbox 1594 2566 1660 2598; x_wconf 80' lang='lat' dir='ltr'><em>hac</em></span> 
     </span>
     <span class='ocr_line' id='line_1_40' title="bbox 232 2613 1659 2660; baseline 0 -14"><span class='ocrx_word' id='word_1_361' title='bbox 232 2617 269 2646; x_wconf 91' lang='lat' dir='ltr'><em>in</em></span> <span class='ocrx_word' id='word_1_362' title='bbox 313 2625 348 2646; x_wconf 85' lang='lat' dir='ltr'><em>re</em></span> <span class='ocrx_word' id='word_1_363' title='bbox 382 2625 511 2647; x_wconf 85' lang='lat' dir='ltr'>morem</span> <span class='ocrx_word' id='word_1_364' title='bbox 549 2615 737 2658; x_wconf 81' lang='lat' dir='ltr'>gessissent</span> <span class='ocrx_word' id='word_1_365' title='bbox 762 2614 951 2648; x_wconf 78' lang='lat' dir='ltr'>Mechmeti</span> <span class='ocrx_word' id='word_1_366' title='bbox 985 2620 1020 2647; x_wconf 84' lang='lat' dir='ltr'><em>et</em></span> <span class='ocrx_word' id='word_1_367' title='bbox 1055 2615 1155 2660; x_wconf 84' lang='lat' dir='ltr'>quasi</span> <span class='ocrx_word' id='word_1_368' title='bbox 1188 2616 1335 2657; x_wconf 81' lang='lat' dir='ltr'>gratiam</span> <span class='ocrx_word' id='word_1_369' title='bbox 1362 2615 1584 2652; x_wconf 80' lang='lat' dir='ltr'>retulissent,</span> <span class='ocrx_word' id='word_1_370' title='bbox 1621 2613 1659 2646; x_wconf 85' lang='lat' dir='ltr'><em>in</em></span> 
     </span>
     <span class='ocr_line' id='line_1_41' title="bbox 232 2660 1658 2706; baseline 0 -16"><span class='ocrx_word' id='word_1_371' title='bbox 232 2671 370 2693; x_wconf 81' lang='lat' dir='ltr'>carcere</span> <span class='ocrx_word' id='word_1_372' title='bbox 405 2661 597 2694; x_wconf 81' lang='lat' dir='ltr'><em>condentes</em></span> <span class='ocrx_word' id='word_1_373' title='bbox 635 2661 875 2705; x_wconf 82' lang='lat' dir='ltr'>Mustapham,</span> <span class='ocrx_word' id='word_1_374' title='bbox 917 2660 1046 2693; x_wconf 80' lang='lat' dir='ltr'>accidit</span> <span class='ocrx_word' id='word_1_375' title='bbox 1083 2667 1121 2693; x_wconf 78' lang='lat' dir='ltr'><em>ut</em></span> <span class='ocrx_word' id='word_1_376' title='bbox 1150 2661 1184 2692; x_wconf 89' lang='lat' dir='ltr'><em>in</em></span> <span class='ocrx_word' id='word_1_377' title='bbox 1221 2667 1398 2705; x_wconf 85' lang='lat' dir='ltr'><em>posterum</em></span> <span class='ocrx_word' id='word_1_378' title='bbox 1427 2669 1658 2706; x_wconf 75' lang='lat' dir='ltr'>quaecunque</span> 
     </span>
     <span class='ocr_line' id='line_1_42' title="bbox 231 2706 1296 2752; baseline 0.002 -14"><span class='ocrx_word' id='word_1_379' title='bbox 231 2706 376 2747; x_wconf 69' lang='lat' dir='ltr'><em>vellent,</em></span> <span class='ocrx_word' id='word_1_380' title='bbox 403 2707 506 2740; x_wconf 81' lang='lat' dir='ltr'><em>facile</em></span> <span class='ocrx_word' id='word_1_381' title='bbox 534 2707 629 2752; x_wconf 77' lang='lat' dir='ltr'>apud</span> <span class='ocrx_word' id='word_1_382' title='bbox 658 2718 772 2751; x_wconf 84' lang='lat' dir='ltr'>regem</span> <span class='ocrx_word' id='word_1_383' title='bbox 800 2707 1034 2740; x_wconf 75' lang='lat' dir='ltr'>Mechmetem</span> <span class='ocrx_word' id='word_1_384' title='bbox 1059 2708 1296 2751; x_wconf 80' lang='lat' dir='ltr'>impetrarent.</span> 
     </span>
    </p>
   </div>
  </div>
 </body>
</html>
