1884 3178
514 197 586 235 DE
621 196 792 235 nauus
830 194 1082 235 ‘runcinis
1122 195 1168 234 L.
1200 196 1274 234 111.
1499 183 1587 232 141

129 314 198 340 ται
228 299 273 340 ἐν
304 294 432 353 ταύτῃ
460 298 510 352 τῇ
548 293 696 352 χώρα,
740 293 823 335 ὑπὸ
863 294 1072 346 βασιλέως
1112 296 1391 335 καθίστανται
1421 293 1465 340 ἐς
1496 291 1635 340 τούςυ

129 361 408 416 στρατιώτας.
473 361 557 404 εἰσί
603 363 650 404 δὲ
696 355 814 403 οὗτοι
859 362 1201 416 δορυφοροῦντες
1241 360 1419 413 βασιλέα
1437 393 1448 412 ,
1478 356 1597 414 ἀμφὶ

129 429 229 479 τούς
261 429 526 484 δισμυρίους,
557 426 894 480 Μαμαλούκιδες
920 425 1180 479 καλούμενοι.
1239 426 1323 468 α’πὸ
1355 423 1518 468 τούτων
1548 427 1595 468 δὲ

129 493 221 538 ὅσοι
261 495 459 550 ἐπίσημοι
488 494 559 537 ἐπί
590 492 636 535 τὸ
686 493 1020 547 κατεργάζεσθαι
1060 490 1202 534 ὁτιοῦν
1246 495 1330 534 τῶν
1358 491 1440 534 ὑπὸ
1467 495 1596 545 βασι-

95 565 233 610 5λέως
259 563 533 616 τεταγμένων,
562 555 674 602 οὗτοι
716 562 759 608 ἐς
786 558 864 607 τοὶς
902 557 1042 612 α’ρχοὶς
1070 558 1171 600 κατὰ
1212 558 1355 613 βραχὺ
1389 558 1594 600 καθιστά-
1607 563 1648 600 V.
1661 564 1707 598 59

127 643 247 680 μενοι
276 629 346 670 ἐπὶ
370 629 517 680 μεῖζον
542 627 736 680 χωροῦσι
774 626 907 680 τύχης
936 622 1027 678 ἅμα
1056 622 1160 666 κοῖπί
1188 628 1416 678 βασιλέως,
1451 628 1524 667 καί
1550 627 1594 675 ἐς

127 695 178 737 τὰ
202 695 357 749 ,πρῶτα
384 695 506 748 τιμῆς
537 693 774 745 α’ξιούμενοι
803 693 875 734 ἐπί
899 691 998 741 τούς
1024 694 1310 744 καλουμένους
1341 695 1595 746 ῙΡΙελικαμη-

129 762 264 816 ράδας
293 763 590 811 καθίστανται,
621 759 698 814 ἀφ’
741 753 801 800 ὧν
855 757 906 813 δή
955 759 1026 812 τῆς
1064 757 1210 812 χώρας
1247 759 1311 799 ἐπ’
1348 760 1482 812 αὐτήν
1515 755 1595 814 ἤδη

126 829 318 882 χωροῦσι
361 824 435 881 τήν
478 828 687 879 βασιλέως
722 825 897 880 χώραν,
944 825 1017 866 καί
1058 824 1129 866 ἐπὶ
1172 823 1247 878 τήν
1288 826 1359 878 τῆς
1389 827 1596 879 Μέμφιος

73 903 116 938 10
129 893 265 948 α’ρχὴν
291 893 365 934 καί
393 890 614 946 συμπάσης
642 893 718 946 τῆς
748 906 792 934 τε
829 889 1052 944 Αἰγύπτου
1078 890 1286 944 Ἀραβίας
1316 905 1362 932 τε
1391 893 1465 932 καί
1491 894 1596 933 Πα-

126 958 339 1014 λαιστίνης
369 960 443 1000 καί
469 960 553 1000 τῶν
584 954 722 1000 ἄλλων
751 958 909 1012 α’ρχῶν,
943 955 1042 998 ὅσαι
1071 957 1151 999 ὑπό
1175 955 1312 1014 τούτῳ
1345 958 1400 1014 τῷ
1426 960 1601 1011 βασιλεῖ’

125 1025 358 1068 τάττονται.
437 1022 802 1078 Μελικαμηράδες
843 1024 949 1065 εἰσίν
991 1025 1127 1078 α’ρχαί
1171 1026 1214 1071 ἐς
1242 1024 1318 1072 τας
1345 1023 1486 1072 πόλεις
1518 1022 1643 1074 τοὶςΡ.
1661 1035 1706 1069 75

124 1089 208 1134 ὑπὸ
235 1089 358 1147 τήνδε
399 1091 476 1146 τήν
500 1092 723 1144 βασιλείαν
754 1088 1017 1144 ἐπισήμους,
1054 1085 1256 1143 ἄρχοντες
1293 1090 1596 1143 καθιστάμενοι

126 1155 209 1201 ὑπό
237 1159 457 1212 βασιλέως.
524 1156 601 1211 τήν
628 1157 675 1198 δὲ
704 1157 826 1198 πόλιν
866 1154 1025 1211 ταύτην
1054 1158 1129 1210 τῆς
1159 1158 1367 1211 Μέμφιος
1395 1158 1597 1211 μεγίστην

71 1235 114 1270 15
128 1222 178 1278 δή
207 1226 355 1266 πασῶν
396 1225 481 1265 τῶν
510 1221 616 1264 κατὰ
647 1222 724 1276 τήν
754 1224 999 1277 οἰκουμένην
1036 1221 1197 1263 πόλεων
1229 1220 1324 1264 ἔστε
1356 1220 1433 1276 τήν
1466 1219 1597 1276 ἄλλην

124 1291 400 1342 εὐδαιμονίαν
427 1291 502 1331 καί
528 1288 572 1331 τὸ
596 1291 756 1343 πλῆθος
781 1290 866 1331 τῶν
885 1285 1135 1343 ἀνθρώπων.
1167 1285 1190 1329 ὅ
1207 1304 1251 1330 τε
1271 1287 1353 1344 γὰρ
1378 1291 1596 1344 περίβολος

126 1355 285 1411 ταύτης
310 1357 385 1411 τῆς
417 1355 562 1410 χώρας
593 1357 636 1404 ἐς
667 1352 944 1403 ἑπτακοσίους
972 1353 1158 1407 μάλιστα
1188 1355 1388 1403 σταδίους
1419 1353 1592 1408 διήκων.

128 1422 368 1475 εὖνομεῖται
412 1423 460 1464 δὲ
496 1420 697 1464 κάλλιστα
742 1423 887 1462 πασῶν
930 1421 980 1475 δή
1029 1415 1089 1462 ὧν
1118 1420 1240 1475 ἡμεῖς
1268 1421 1392 1473 ἴσμεν
1419 1421 1595 1463 πόλεων.

129 1488 262 1538 οἰκίας
291 1490 338 1530 δὲ
367 1486 480 1542 ἔχειν
519 1487 742 1536 καλλίστας
775 1488 937 1542 λέγεται
972 1489 1014 1537 ἐς
1053 1486 1129 1535 τὰς
1158 1487 1410 1542 πεντήκοντα
1437 1485 1596 1541 μυριά-

69 1561 116 1596 20
130 1556 221 1604 δας.
279 1553 354 1608 ῥεῖ’
378 1557 424 1596 δὲ
457 1553 528 1596 διὰ
558 1556 691 1608 μέσης
725 1554 800 1608 τῆς
839 1554 999 1602 πόλεως
1034 1555 1186 1603 Νεῖλος
1214 1551 1413 1606 ποταμός,
1448 1554 1596 1608 κράτι-

127 1635 226 1663 στον
254 1618 370 1675 ὕδωρ
397 1619 707 1675 παρεχόμενος,
752 1620 861 1676 ῥέων
890 1618 970 1660 α’πό
1009 1616 1227 1674 Ἀργυροῦ
1254 1615 1396 1673 ὅρους.
1456 1619 1596 1674 Αἴγυ-

128 1703 227 1730 πτον
256 1688 303 1728 δὲ
326 1685 560 1740 σύμπασαν
601 1687 775 1741 α’ρδεύει
818 1689 861 1734 ἐς
884 1684 936 1727 τοὶ
967 1684 1170 1727 κάλλιστα
1199 1685 1306 1728 κατὰ
1337 1686 1411 1735 τὰς
1441 1687 1597 1740 διώρυ-

127 1770 208 1808 χας
237 1751 319 1796 ὑπὸ
360 1755 445 1795 τῶν
473 1749 692 1809 ἓκασταχῇ
737 1755 891 1806 χωρῶν
928 1754 1350 1807 κατεσκευασμένων,
1381 1751 1491 1795 ὥστε
1520 1752 1597 1807 τήν

133 1966 171 1999 hi
196 1966 328 1999 deinde
358 1968 451 2010 regis
490 1968 667 2001 satellites
696 1967 897 2008 habentur,
924 1978 1073 2000 numero
1098 1967 1154 1999 bis
1177 1967 1289 2008 mille,
1315 1972 1352 2000 et
1377 1966 1595 1999 Mamaluki-

131 2013 195 2046 des
219 2014 462 2047 nominantur.
490 2025 533 2047 ex
558 2015 702 2047 illorum
728 2026 878 2047 numero
901 2019 1086 2060 quotquot
1106 2015 1288 2059 peregrini
1306 2019 1403 2053 sunt,
1432 2013 1478 2046 ad
1504 2014 1595 2058 regis

131 2060 245 2094 officia
271 2060 488 2105 perficienda
515 2061 738 2096 ordinantur.
796 2062 833 2094 hi
859 2062 1032 2107 paulatim
1075 2062 1182 2094 etiam
1214 2061 1259 2094 ad
1287 2062 1514 2105 magistratus
1541 2061 1596 2093 di·

131 2107 303 2152 gnitatem
339 2108 575 2142 ascendentes
605 2110 791 2143 meliorem
835 2108 980 2142 tandem
1016 2114 1258 2154 assequuntur
1292 2109 1484 2148 fortunam,
1515 2113 1552 2141 et
1576 2118 1596 2140 a

130 2164 214 2200 rege
249 2155 287 2188 in
321 2156 477 2189 maximo
514 2155 653 2190 honore
688 2156 806 2190 habiti
847 2156 1104 2201 praeficiuntur
1144 2157 1189 2189 iis
1217 2156 1279 2202 qui
1303 2155 1596 2189 Melicamaridae

95 2236 102 2239 ⁷
129 2207 393 2248 nuncupantur.
443 2214 487 2235 ex
514 2214 666 2249 quorum
694 2204 840 2248 regione
878 2204 976 2236 illico
1005 2203 1224 2248 perveniunt
1256 2203 1302 2236 ad
1327 2203 1508 2246 regionem
1538 2213 1596 2234 re-

130 2250 182 2293 gis
209 2254 246 2283 et
275 2249 320 2282 ad
346 2250 617 2295 Memphiticum
651 2262 795 2294 reguum
835 2256 871 2283 et
906 2250 951 2283 ad
988 2251 1177 2295 imperium
1211 2251 1364 2295 Aegypti
1405 2249 1596 2294 Asiaeque,

129 2307 271 2329 necnon
299 2295 345 2329 ad
371 2298 460 2330 alios
488 2298 728 2342 magistratus,
759 2298 820 2344 qui
847 2297 912 2330 sub
938 2299 1006 2330 isto
1044 2308 1125 2341 rege
1153 2303 1246 2331 sunt.
1301 2295 1595 2329 Melicamaridae

130 2348 215 2376 sunt
237 2344 415 2389 principes
440 2344 532 2385 viri,
563 2346 625 2390 qui
650 2357 670 2377 a
709 2356 789 2389 rege
816 2345 927 2378 creati
955 2345 1214 2389 praeficiuntur
1240 2343 1497 2389 insignioribus
1528 2354 1595 2388 op-

130 2388 238 2434 pidis.
286 2390 371 2424 urbs
400 2391 578 2437 Memphis
617 2393 724 2439 (quae
751 2398 787 2425 et
817 2392 1014 2438 Alcairum)
1044 2391 1293 2436 magnitudine
1334 2391 1594 2435 hominumque

129 2437 364 2471 multitudine
389 2440 501 2472 totius
530 2438 627 2472 orbis
675 2439 782 2472 urbes
825 2439 930 2472 facile
966 2444 1152 2484 exuperat.
1206 2438 1303 2470 urbis
1334 2438 1410 2470 eius
1439 2437 1595 2470 ambitus

131 2485 363 2529 amplectitur
391 2486 620 2530 septingenta
648 2487 773 2519 stadia.
823 2491 890 2520 nec
914 2487 998 2519 novi
1020 2486 1142 2520 urbem
1171 2496 1263 2531 quae
1291 2484 1501 2518 melioribus
1528 2495 1596 2528 gu·-

131 2530 303 2564 ben-netur
330 2531 483 2576 legibus.
544 2534 806 2580 quinquaginta
846 2533 1023 2577 myriades
1054 2532 1375 2577 pulcherrimarum
1404 2530 1593 2564 domorum

131 2577 254 2613 habet.
305 2577 430 2612 urbem
465 2579 616 2613 mediam
661 2582 856 2614 intersecat
881 2581 983 2613 Nilus
1011 2580 1162 2619 fluvius,
1196 2590 1325 2623 aquam
1359 2578 1531 2622 optimam
1558 2583 1593 2611 et

131 2625 400 2659 saluberrimam
434 2627 664 2670 ministrans,
707 2639 751 2661 ex
784 2633 906 2662 monte
945 2629 1076 2671 Argyro
1114 2626 1321 2659 scaturiens.
1393 2626 1593 2659 universam

130 2672 285 2717 Aegypti
313 2673 492 2716 regionem
526 2674 767 2719 pulcherrime
797 2676 907 2719 rigat,
932 2675 1048 2713 fossis,
1077 2684 1171 2719 quae
1197 2673 1346 2716 singulis
1373 2673 1461 2705 locis
1489 2672 1593 2710 fiunt,

131 2719 315 2753 admissus.
368 2720 451 2753 hinc
478 2726 570 2754 terra
597 2733 638 2754 ea
666 2722 800 2768 ubique
826 2721 1114 2755 commodissime
1155 2720 1349 2752 humectari
1376 2725 1509 2765 potest.
1538 2731 1593 2752 re-

132 2766 304 2812 ligionem
324 2767 428 2801 istam
453 2772 580 2802 tenent
594 2768 860 2803 Monothelitae
882 2774 918 2803 et
946 2767 1138 2807 lacobitae,
1158 2773 1283 2812 gentes
1306 2765 1401 2801 haud
1430 2767 1592 2811 exiguae.
