<?xml version="1.0" encoding="UTF-8"?>
<!DOCTYPE html PUBLIC "-//W3C//DTD XHTML 1.0 Transitional//EN"
    "http://www.w3.org/TR/xhtml1/DTD/xhtml1-transitional.dtd">
<html xmlns="http://www.w3.org/1999/xhtml" xml:lang="en" lang="en">
 <head>
  <title>
</title>
<meta http-equiv="Content-Type" content="text/html;charset=utf-8" />
  <meta name='ocr-system' content='tesseract 3.04.00' />
  <meta name='ocr-capabilities' content='ocr_page ocr_carea ocr_par ocr_line ocrx_word'/>
</head>
<body>
  <div class='ocr_page' id='page_1' title='image "./corpusscriptorum32niebuoft_0299.png"; bbox 0 0 1858 3210; ppageno 0'>
   <div class='ocr_carea' id='block_1_1' title="bbox 528 149 1646 226">
    <p class='ocr_par' dir='ltr' id='par_1_1' title="bbox 528 149 1646 226">
     <span class='ocr_line' id='line_1_1' title="bbox 528 149 1646 226; baseline 0.001 -2"><span class='ocrx_word' id='word_1_1' title='bbox 528 185 601 224; x_wconf 86' lang='lat' dir='ltr'><strong>DE</strong></span> <span class='ocrx_word' id='word_1_2' title='bbox 641 184 814 224; x_wconf 85' lang='lat' dir='ltr'>REBUS</span> <span class='ocrx_word' id='word_1_3' title='bbox 839 149 1101 224; x_wconf 32' lang='lat' dir='ltr'><strong>TURclcls&#39;</strong></span> <span class='ocrx_word' id='word_1_4' title='bbox 1134 184 1182 223; x_wconf 89' lang='lat' dir='ltr'><strong>L.</strong></span> <span class='ocrx_word' id='word_1_5' title='bbox 1209 184 1282 223; x_wconf 83' lang='lat' dir='ltr'><strong>Vl.</strong></span> <span class='ocrx_word' id='word_1_6' title='bbox 1551 181 1646 226; x_wconf 74' lang='lat'><strong>287</strong></span> 
     </span>
    </p>
   </div>
   <div class='ocr_carea' id='block_1_2' title="bbox 126 279 1709 1799">
    <p class='ocr_par' dir='ltr' id='par_1_2' title="bbox 187 279 1659 538">
     <span class='ocr_line' id='line_1_2' title="bbox 332 279 1653 338; baseline 0.002 -14"><span class='ocrx_word' id='word_1_7' title='bbox 332 286 478 325; x_wconf 82' lang='grc' dir='ltr'><strong><em>Ταῦτα</em></strong></span> <span class='ocrx_word' id='word_1_8' title='bbox 511 286 590 335; x_wconf 80' lang='grc' dir='ltr'><strong>μὲν</strong></span> <span class='ocrx_word' id='word_1_9' title='bbox 619 285 662 332; x_wconf 79' lang='grc' dir='ltr'><strong><em>ἐς</em></strong></span> <span class='ocrx_word' id='word_1_10' title='bbox 705 284 906 324; x_wconf 77' lang='grc' dir='ltr'><strong><em>τοσοῦτον</em></strong></span> <span class='ocrx_word' id='word_1_11' title='bbox 947 287 1033 330; x_wconf 85' lang='grc' dir='ltr'><strong><em>τοῖς</em></strong></span> <span class='ocrx_word' id='word_1_12' title='bbox 1052 279 1221 337; x_wconf 80' lang='grc' dir='ltr'><strong><em>Ἕλλησι</em></strong></span> <span class='ocrx_word' id='word_1_13' title='bbox 1251 281 1578 338; x_wconf 77' lang='grc' dir='ltr'><em>προσενήνεκται</em></span> <span class='ocrx_word' id='word_1_14' title='bbox 1609 286 1653 333; x_wconf 80' lang='grc' dir='ltr'><strong><em>ἐς</em></strong></span> 
     </span>
     <span class='ocr_line' id='line_1_3' title="bbox 188 346 1656 405; baseline -0.001 -12"><span class='ocrx_word' id='word_1_15' title='bbox 188 349 288 399; x_wconf 80' lang='grc' dir='ltr'><strong><em>τούς</em></strong></span> <span class='ocrx_word' id='word_1_16' title='bbox 333 351 558 398; x_wconf 81' lang='grc' dir='ltr'><strong><em>Ἰανυΐους·</em></strong></span> <span class='ocrx_word' id='word_1_17' title='bbox 629 348 820 403; x_wconf 84' lang='grc' dir='ltr'><strong><em>Ἰωάννης</em></strong></span> <span class='ocrx_word' id='word_1_18' title='bbox 859 346 1050 400; x_wconf 84' lang='grc' dir='ltr'><strong><em>μέντοιό</em></strong></span> <span class='ocrx_word' id='word_1_19' title='bbox 1089 351 1175 390; x_wconf 79' lang='grc' dir='ltr'><strong>τῶν</strong></span> <span class='ocrx_word' id='word_1_20' title='bbox 1210 349 1414 405; x_wconf 74' lang='grc' dir='ltr'><strong><em>Ἑλλήνων</em></strong></span> <span class='ocrx_word' id='word_1_21' title='bbox 1450 350 1656 403; x_wconf 74' lang='grc' dir='ltr'><strong><em>βασιλεῦς</em></strong></span> 
     </span>
     <span class='ocr_line' id='line_1_4' title="bbox 187 414 1657 472; baseline 0.001 -14"><span class='ocrx_word' id='word_1_22' title='bbox 187 415 378 459; x_wconf 70' lang='grc' dir='ltr'><strong><em>ἐνταῦθα</em></strong></span> <span class='ocrx_word' id='word_1_23' title='bbox 408 414 818 471; x_wconf 73' lang='grc' dir='ltr'><strong><em>διαπρεσβευόμενος</em></strong></span> <span class='ocrx_word' id='word_1_24' title='bbox 847 414 951 469; x_wconf 81' lang='grc' dir='ltr'><strong><em>πρὸς</em></strong></span> <span class='ocrx_word' id='word_1_25' title='bbox 974 414 1045 457; x_wconf 79' lang='grc' dir='ltr'><strong><em>’τὸν</em></strong></span> <span class='ocrx_word' id='word_1_26' title='bbox 1064 414 1288 467; x_wconf 87' lang='grc' dir='ltr'><strong><em>Ῥωμαίων</em></strong></span> <span class='ocrx_word' id='word_1_27' title='bbox 1317 418 1535 472; x_wconf 83' lang='grc' dir='ltr'><strong><em>α’ρχιερέα,</em></strong></span> <span class='ocrx_word' id='word_1_28' title='bbox 1571 419 1657 460; x_wconf 84' lang='lat' dir='ltr'>Ev&#39;-</span> 
     </span>
     <span class='ocr_line' id='line_1_5' title="bbox 189 477 1659 538; baseline 0.001 -14"><span class='ocrx_word' id='word_1_29' title='bbox 189 485 347 537; x_wconf 80' lang='grc' dir='ltr'><strong><em>γένειον</em></strong></span> <span class='ocrx_word' id='word_1_30' title='bbox 376 477 559 534; x_wconf 66' lang='grc' dir='ltr'><strong><em>τοῦνομα</em></strong></span> <span class='ocrx_word' id='word_1_31' title='bbox 591 481 752 535; x_wconf 77' lang='grc' dir='ltr'><strong><em>ἔχοντα,</em></strong></span> <span class='ocrx_word' id='word_1_32' title='bbox 781 478 887 523; x_wconf 77' lang='grc' dir='ltr'><strong><em>ὥστε</em></strong></span> <span class='ocrx_word' id='word_1_33' title='bbox 917 484 959 529; x_wconf 83' lang='grc' dir='ltr'><strong><em>ές</em></strong></span> <span class='ocrx_word' id='word_1_34' title='bbox 998 480 1128 523; x_wconf 76' lang='grc' dir='ltr'><strong>ταύτὸ</strong></span> <span class='ocrx_word' id='word_1_35' title='bbox 1161 484 1351 524; x_wconf 81' lang='grc' dir='ltr'>συνιέναι</span> <span class='ocrx_word' id='word_1_36' title='bbox 1381 484 1453 524; x_wconf 76' lang='grc' dir='ltr'><strong>καὶ</strong></span> <span class='ocrx_word' id='word_1_37' title='bbox 1480 483 1556 538; x_wconf 68' lang='grc' dir='ltr'><strong>τήν</strong></span> <span class='ocrx_word' id='word_1_38' title='bbox 1586 482 1659 526; x_wconf 74' lang='grc' dir='ltr'><strong>ἐπί</strong></span> 
     </span>
    </p>

    <p class='ocr_par' dir='ltr' id='par_1_3' title="bbox 126 547 1709 1799">
     <span class='ocr_line' id='line_1_6' title="bbox 156 547 1659 604; baseline 0.004 -18"><span class='ocrx_word' id='word_1_39' title='bbox 156 551 265 604; x_wconf 68' lang='grc' dir='ltr'><strong>ὀτῆς</strong></span> <span class='ocrx_word' id='word_1_40' title='bbox 291 552 523 603; x_wconf 76' lang='grc' dir='ltr'><strong><em>θρησκείας</em></strong></span> <span class='ocrx_word' id='word_1_41' title='bbox 556 547 771 603; x_wconf 82' lang='grc' dir='ltr'><strong><em>διαφοράν</em></strong></span> <span class='ocrx_word' id='word_1_42' title='bbox 814 551 1060 601; x_wconf 79' lang='grc' dir='ltr'><strong><em>συνεξελεῖν,</em></strong></span> <span class='ocrx_word' id='word_1_43' title='bbox 1100 550 1296 602; x_wconf 82' lang='grc' dir='ltr'><strong><em>ἐπειρᾶτο</em></strong></span> <span class='ocrx_word' id='word_1_44' title='bbox 1326 552 1402 604; x_wconf 74' lang='grc' dir='ltr'><strong><em>τῆς</em></strong></span> <span class='ocrx_word' id='word_1_45' title='bbox 1426 552 1507 592; x_wconf 84' lang='grc' dir='ltr'><strong>τῶν</strong></span> <span class='ocrx_word' id='word_1_46' title='bbox 1535 547 1659 592; x_wconf 69' lang='grc' dir='ltr'><strong><em>ἑσπε-</em></strong></span> 
     </span>
     <span class='ocr_line' id='line_1_7' title="bbox 190 611 1658 671; baseline 0 -14"><span class='ocrx_word' id='word_1_47' title='bbox 190 619 292 670; x_wconf 82' lang='grc' dir='ltr'><strong><em>ρίων</em></strong></span> <span class='ocrx_word' id='word_1_48' title='bbox 319 614 498 671; x_wconf 77' lang='grc' dir='ltr'><strong><em>γνώμης,</em></strong></span> <span class='ocrx_word' id='word_1_49' title='bbox 526 616 565 656; x_wconf 81' lang='grc' dir='ltr'><strong>εἰ</strong></span> <span class='ocrx_word' id='word_1_50' title='bbox 594 615 695 669; x_wconf 75' lang='grc' dir='ltr'><strong><em>περὶ</em></strong></span> <span class='ocrx_word' id='word_1_51' title='bbox 719 617 877 654; x_wconf 85' lang='grc' dir='ltr'><strong><em>πολλοῦ</em></strong></span> <span class='ocrx_word' id='word_1_52' title='bbox 891 611 1095 666; x_wconf 87' lang='grc' dir='ltr'><strong><em>Ῥωμαῖοι</em></strong></span> <span class='ocrx_word' id='word_1_53' title='bbox 1123 620 1310 655; x_wconf 86' lang='grc' dir='ltr'><strong><em>ποιοῖντο</em></strong></span> <span class='ocrx_word' id='word_1_54' title='bbox 1338 618 1548 670; x_wconf 78' lang='grc' dir='ltr'><strong><em>ξυμβῆναι</em></strong></span> <span class='ocrx_word' id='word_1_55' title='bbox 1572 621 1658 664; x_wconf 82' lang='grc' dir='ltr'><strong><em>τοῖς</em></strong></span> 
     </span>
     <span class='ocr_line' id='line_1_8' title="bbox 178 678 1658 739; baseline 0 -16"><span class='ocrx_word' id='word_1_56' title='bbox 178 678 387 737; x_wconf 61' lang='grc' dir='ltr'><strong><em>Ἓλλησιν,</em></strong></span> <span class='ocrx_word' id='word_1_57' title='bbox 415 678 522 723; x_wconf 75' lang='grc' dir='ltr'><strong><em>(ὅστε</em></strong></span> <span class='ocrx_word' id='word_1_58' title='bbox 551 682 624 723; x_wconf 81' lang='grc' dir='ltr'>καί</span> <span class='ocrx_word' id='word_1_59' title='bbox 658 682 730 722; x_wconf 74' lang='grc' dir='ltr'><strong>ἐπὶ</strong></span> <span class='ocrx_word' id='word_1_60' title='bbox 759 678 857 729; x_wconf 75' lang='grc' dir='ltr'><strong><em>τούς</em></strong></span> <span class='ocrx_word' id='word_1_61' title='bbox 877 679 1124 733; x_wconf 76' lang='grc' dir='ltr'><strong><em>Γερμανούς</em></strong></span> <span class='ocrx_word' id='word_1_62' title='bbox 1156 681 1329 736; x_wconf 76' lang='grc' dir='ltr'><strong><em>α’ᾳίκετο</em></strong></span> <span class='ocrx_word' id='word_1_63' title='bbox 1360 683 1473 739; x_wconf 67' lang='grc' dir='ltr'><strong><em>αὐτῷ</em></strong></span> <span class='ocrx_word' id='word_1_64' title='bbox 1504 680 1527 736; x_wconf 81' lang='grc' dir='ltr'><em>ἦ</em></span> <span class='ocrx_word' id='word_1_65' title='bbox 1558 698 1658 735; x_wconf 88' lang='grc' dir='ltr'><strong><em>πρε-</em></strong></span> 
     </span>
     <span class='ocr_line' id='line_1_9' title="bbox 189 745 1657 802; baseline 0.001 -12"><span class='ocrx_word' id='word_1_66' title='bbox 189 751 325 802; x_wconf 81' lang='grc' dir='ltr'><strong><em>σβεία.</em></strong></span> <span class='ocrx_word' id='word_1_67' title='bbox 383 746 615 802; x_wconf 77' lang='grc' dir='ltr'><strong><em>ἐτύγχανον</em></strong></span> <span class='ocrx_word' id='word_1_68' title='bbox 645 749 691 788; x_wconf 82' lang='grc' dir='ltr'><strong>δὲ</strong></span> <span class='ocrx_word' id='word_1_69' title='bbox 720 745 812 788; x_wconf 83' lang='grc' dir='ltr'><strong><em>τότε</em></strong></span> <span class='ocrx_word' id='word_1_70' title='bbox 840 745 878 788; x_wconf 82' lang='grc' dir='ltr'><strong><em>οἱ</em></strong></span> <span class='ocrx_word' id='word_1_71' title='bbox 907 746 1128 799; x_wconf 74' lang='grc' dir='ltr'><strong><em>Γερμανοί</em></strong></span> <span class='ocrx_word' id='word_1_72' title='bbox 1159 747 1257 800; x_wconf 73' lang='grc' dir='ltr'><strong><em>περὶ</em></strong></span> <span class='ocrx_word' id='word_1_73' title='bbox 1276 751 1494 790; x_wconf 83' lang='grc' dir='ltr'><strong><em>Βασιλέαν</em></strong></span> <span class='ocrx_word' id='word_1_74' title='bbox 1523 747 1657 802; x_wconf 87' lang='grc' dir='ltr'><strong><em>πόλιν,</em></strong></span> 
     </span>
     <span class='ocr_line' id='line_1_10' title="bbox 192 811 1699 870; baseline -0.001 -14"><span class='ocrx_word' id='word_1_75' title='bbox 192 815 478 867; x_wconf 79' lang='grc' dir='ltr'><strong><em>διενεχθέντες</em></strong></span> <span class='ocrx_word' id='word_1_76' title='bbox 505 811 646 870; x_wconf 78' lang='grc' dir='ltr'><strong><em>γνώμῃ</em></strong></span> <span class='ocrx_word' id='word_1_77' title='bbox 675 814 778 866; x_wconf 83' lang='grc' dir='ltr'><strong><em>πρὸς</em></strong></span> <span class='ocrx_word' id='word_1_78' title='bbox 803 812 874 854; x_wconf 85' lang='grc' dir='ltr'><strong>τὸν</strong></span> <span class='ocrx_word' id='word_1_79' title='bbox 903 814 1124 866; x_wconf 74' lang='grc' dir='ltr'><strong><em>Εὐγένειον</em></strong></span> <span class='ocrx_word' id='word_1_80' title='bbox 1154 813 1373 867; x_wconf 82' lang='grc' dir='ltr'><strong><em>α’ρχιερέα,</em></strong></span> <span class='ocrx_word' id='word_1_81' title='bbox 1403 814 1477 857; x_wconf 76' lang='grc' dir='ltr'><strong><em>καί</em></strong></span> <span class='ocrx_word' id='word_1_82' title='bbox 1504 815 1699 856; x_wconf 65' lang='lat' dir='ltr'><strong>‹inodo-B</strong></span> 
     </span>
     <span class='ocr_line' id='line_1_11' title="bbox 137 877 1662 935; baseline 0.001 -15"><span class='ocrx_word' id='word_1_83' title='bbox 137 880 434 934; x_wconf 81' lang='grc' dir='ltr'><strong><em>1οκιμάζοντες</em></strong></span> <span class='ocrx_word' id='word_1_84' title='bbox 462 878 595 922; x_wconf 71' lang='grc' dir='ltr'><strong><em>αὐτὸν</em></strong></span> <span class='ocrx_word' id='word_1_85' title='bbox 635 880 898 921; x_wconf 75' lang='grc' dir='ltr'><strong><em>καθίστασαν</em></strong></span> <span class='ocrx_word' id='word_1_86' title='bbox 936 878 1061 920; x_wconf 71' lang='grc' dir='ltr'><strong><em>αὐτοὶ</em></strong></span> <span class='ocrx_word' id='word_1_87' title='bbox 1090 881 1297 935; x_wconf 79' lang='grc' dir='ltr'><strong><em>α’ρχιερέα</em></strong></span> <span class='ocrx_word' id='word_1_88' title='bbox 1337 882 1535 922; x_wconf 81' lang='grc' dir='ltr'><strong><em>Φελίκιον</em></strong></span> <span class='ocrx_word' id='word_1_89' title='bbox 1564 877 1662 923; x_wconf 71' lang='grc' dir='ltr'><strong>τοῦ-</strong></span> 
     </span>
     <span class='ocr_line' id='line_1_12' title="bbox 191 943 1665 1002; baseline 0 -13"><span class='ocrx_word' id='word_1_90' title='bbox 191 962 314 1000; x_wconf 83' lang='grc' dir='ltr'><strong><em>νομα,</em></strong></span> <span class='ocrx_word' id='word_1_91' title='bbox 344 943 480 1002; x_wconf 74' lang='grc' dir='ltr'><strong><em>ἄνδρα</em></strong></span> <span class='ocrx_word' id='word_1_92' title='bbox 522 949 607 988; x_wconf 72' lang='grc' dir='ltr'><strong><em>ταῖν</em></strong></span> <span class='ocrx_word' id='word_1_93' title='bbox 646 950 746 998; x_wconf 84' lang='grc' dir='ltr'><strong><em>παρ’</em></strong></span> <span class='ocrx_word' id='word_1_94' title='bbox 778 946 922 994; x_wconf 73' lang='grc' dir='ltr'><strong><em>αὐτοῖς</em></strong></span> <span class='ocrx_word' id='word_1_95' title='bbox 952 946 1163 999; x_wconf 76' lang='grc' dir='ltr'><strong><em>δοκίμων,</em></strong></span> <span class='ocrx_word' id='word_1_96' title='bbox 1204 945 1378 996; x_wconf 79' lang='grc' dir='ltr'><strong><em>ξύνοδόν</em></strong></span> <span class='ocrx_word' id='word_1_97' title='bbox 1411 962 1455 989; x_wconf 84' lang='grc' dir='ltr'><strong>τε</strong></span> <span class='ocrx_word' id='word_1_98' title='bbox 1487 946 1665 1002; x_wconf 87' lang='grc' dir='ltr'><strong><em>ποιησά-</em></strong></span> 
     </span>
     <span class='ocr_line' id='line_1_13' title="bbox 191 1006 1666 1070; baseline 0 -15"><span class='ocrx_word' id='word_1_99' title='bbox 191 1029 311 1067; x_wconf 87' lang='grc' dir='ltr'><strong><em>μενοι</em></strong></span> <span class='ocrx_word' id='word_1_100' title='bbox 343 1015 461 1070; x_wconf 83' lang='grc' dir='ltr'><strong><em>κοινῇ</em></strong></span> <span class='ocrx_word' id='word_1_101' title='bbox 498 1013 876 1065; x_wconf 77' lang='grc' dir='ltr'><strong><em>κᾶπιδεδειγμένοι.</em></strong></span> <span class='ocrx_word' id='word_1_102' title='bbox 945 1006 1062 1053; x_wconf 81' lang='grc' dir='ltr'><strong><em>οὗτοι</em></strong></span> <span class='ocrx_word' id='word_1_103' title='bbox 1099 1013 1179 1064; x_wconf 83' lang='grc' dir='ltr'><strong>μὲν</strong></span> <span class='ocrx_word' id='word_1_104' title='bbox 1217 1007 1293 1054; x_wconf 74' lang='grc' dir='ltr'><strong>οὖν</strong></span> <span class='ocrx_word' id='word_1_105' title='bbox 1334 1010 1467 1069; x_wconf 75' lang='grc' dir='ltr'><strong><em>ἄμφω</em></strong></span> <span class='ocrx_word' id='word_1_106' title='bbox 1493 1012 1666 1068; x_wconf 73' lang='grc' dir='ltr'><strong><em>πληρώ-</em></strong></span> 
     </span>
     <span class='ocr_line' id='line_1_14' title="bbox 192 1075 1666 1138; baseline -0.001 -16"><span class='ocrx_word' id='word_1_107' title='bbox 192 1095 344 1129; x_wconf 82' lang='grc' dir='ltr'><strong><em>σαντες</em></strong></span> <span class='ocrx_word' id='word_1_108' title='bbox 388 1078 576 1138; x_wconf 76' lang='grc' dir='ltr'><strong><em>τριήρεις</em></strong></span> <span class='ocrx_word' id='word_1_109' title='bbox 604 1080 922 1131; x_wconf 84' lang='grc' dir='ltr'><strong><em>μετεπέμποντο</em></strong></span> <span class='ocrx_word' id='word_1_110' title='bbox 962 1075 1154 1132; x_wconf 71' lang='grc' dir='ltr'><strong><em>ἑκάτεροι</em></strong></span> <span class='ocrx_word' id='word_1_111' title='bbox 1192 1076 1255 1119; x_wconf 78' lang='grc' dir='ltr'><strong>ἐπ’</strong></span> <span class='ocrx_word' id='word_1_112' title='bbox 1284 1078 1445 1127; x_wconf 67' lang='grc' dir='ltr'><strong><em>αὐτούς</em></strong></span> <span class='ocrx_word' id='word_1_113' title='bbox 1469 1078 1666 1134; x_wconf 84' lang='grc' dir='ltr'><strong><em>Ἰωάννην</em></strong></span> 
     </span>
     <span class='ocr_line' id='line_1_15' title="bbox 126 1142 1666 1201; baseline -0.001 -12"><span class='ocrx_word' id='word_1_114' title='bbox 126 1191 141 1195; x_wconf 64' lang='grc'><em>,</em></span> <span class='ocrx_word' id='word_1_115' title='bbox 191 1146 265 1189; x_wconf 77' lang='grc' dir='ltr'><strong>τὸν</strong></span> <span class='ocrx_word' id='word_1_116' title='bbox 291 1147 534 1198; x_wconf 86' lang='grc' dir='ltr'><strong><em>Βυζαντίου</em></strong></span> <span class='ocrx_word' id='word_1_117' title='bbox 574 1147 781 1198; x_wconf 82' lang='grc' dir='ltr'><strong><em>βασιλέα,</em></strong></span> <span class='ocrx_word' id='word_1_118' title='bbox 810 1145 886 1198; x_wconf 72' lang='grc' dir='ltr'><strong>τήν</strong></span> <span class='ocrx_word' id='word_1_119' title='bbox 913 1159 958 1186; x_wconf 87' lang='grc' dir='ltr'><strong>τε</strong></span> <span class='ocrx_word' id='word_1_120' title='bbox 996 1142 1167 1194; x_wconf 78' lang='grc' dir='ltr'><strong><em>ξύνοδον</em></strong></span> <span class='ocrx_word' id='word_1_121' title='bbox 1210 1147 1281 1186; x_wconf 85' lang='grc' dir='ltr'><strong>έπί</strong></span> <span class='ocrx_word' id='word_1_122' title='bbox 1321 1148 1446 1201; x_wconf 83' lang='grc' dir='ltr'><strong><em>σφίσι</em></strong></span> <span class='ocrx_word' id='word_1_123' title='bbox 1487 1147 1666 1200; x_wconf 77' lang='grc' dir='ltr'><strong><em>ποιήσα-</em></strong></span> 
     </span>
     <span class='ocr_line' id='line_1_16' title="bbox 138 1205 1666 1268; baseline 0 -16"><span class='ocrx_word' id='word_1_124' title='bbox 138 1219 181 1253; x_wconf 84' lang='lat'><strong>15</strong></span> <span class='ocrx_word' id='word_1_125' title='bbox 194 1216 300 1255; x_wconf 79' lang='grc' dir='ltr'><strong><em>σθαι</em></strong></span> <span class='ocrx_word' id='word_1_126' title='bbox 341 1211 528 1265; x_wconf 69' lang='grc' dir='ltr'><strong><em>ἑκάτεροι</em></strong></span> <span class='ocrx_word' id='word_1_127' title='bbox 573 1205 818 1263; x_wconf 80' lang='grc' dir='ltr'><strong><em>α’ξιοῦντες,</em></strong></span> <span class='ocrx_word' id='word_1_128' title='bbox 859 1210 934 1253; x_wconf 79' lang='grc' dir='ltr'>καί</span> <span class='ocrx_word' id='word_1_129' title='bbox 959 1214 1199 1261; x_wconf 78' lang='grc' dir='ltr'><strong><em>συνεξελεῖν</em></strong></span> <span class='ocrx_word' id='word_1_130' title='bbox 1227 1214 1352 1267; x_wconf 83' lang='grc' dir='ltr'><strong><em>σφίσι</em></strong></span> <span class='ocrx_word' id='word_1_131' title='bbox 1381 1211 1430 1254; x_wconf 87' lang='grc' dir='ltr'><strong><em>τά</em></strong></span> <span class='ocrx_word' id='word_1_132' title='bbox 1464 1210 1666 1268; x_wconf 87' lang='grc' dir='ltr'><strong><em>διάφορα,</em></strong></span> 
     </span>
     <span class='ocr_line' id='line_1_17' title="bbox 194 1276 1668 1338; baseline -0.001 -17"><span class='ocrx_word' id='word_1_133' title='bbox 194 1279 357 1338; x_wconf 79' lang='grc' dir='ltr'><strong><em>ξυνῳδὰ</em></strong></span> <span class='ocrx_word' id='word_1_134' title='bbox 398 1279 790 1330; x_wconf 72' lang='grc' dir='ltr'><strong><em>ἀποδεικνυμένους.</em></strong></span> <span class='ocrx_word' id='word_1_135' title='bbox 862 1276 919 1327; x_wconf 77' lang='grc' dir='ltr'><strong><em>ὥς</em></strong></span> <span class='ocrx_word' id='word_1_136' title='bbox 966 1278 1013 1319; x_wconf 85' lang='grc' dir='ltr'><strong>δὲ</strong></span> <span class='ocrx_word' id='word_1_137' title='bbox 1051 1277 1252 1333; x_wconf 80' lang='grc' dir='ltr'><strong><em>α’φίκοντο</em></strong></span> <span class='ocrx_word' id='word_1_138' title='bbox 1296 1277 1379 1319; x_wconf 86' lang='grc' dir='ltr'><strong><em>α’πὸ</em></strong></span> <span class='ocrx_word' id='word_1_139' title='bbox 1410 1280 1491 1321; x_wconf 83' lang='grc' dir='ltr'><strong>τῶν</strong></span> <span class='ocrx_word' id='word_1_140' title='bbox 1521 1276 1668 1333; x_wconf 79' lang='grc' dir='ltr'><strong><em>ἅρχιε·</em></strong></span> 
     </span>
     <span class='ocr_line' id='line_1_18' title="bbox 194 1342 1669 1400; baseline -0.001 -13"><span class='ocrx_word' id='word_1_141' title='bbox 194 1349 304 1400; x_wconf 88' lang='grc' dir='ltr'><strong><em>ρέων</em></strong></span> <span class='ocrx_word' id='word_1_142' title='bbox 332 1346 496 1400; x_wconf 83' lang='grc' dir='ltr'><strong><em>α’μφοΐν</em></strong></span> <span class='ocrx_word' id='word_1_143' title='bbox 524 1343 738 1399; x_wconf 85' lang='grc' dir='ltr'><strong><em>τριήρεις,</em></strong></span> <span class='ocrx_word' id='word_1_144' title='bbox 766 1343 842 1398; x_wconf 75' lang='grc' dir='ltr'><strong>τὴν</strong></span> <span class='ocrx_word' id='word_1_145' title='bbox 882 1344 1028 1396; x_wconf 87' lang='grc' dir='ltr'><strong><em>μέντοι</em></strong></span> <span class='ocrx_word' id='word_1_146' title='bbox 1056 1343 1228 1394; x_wconf 80' lang='grc' dir='ltr'><strong><em>ξύνοδον</em></strong></span> <span class='ocrx_word' id='word_1_147' title='bbox 1254 1342 1328 1385; x_wconf 83' lang='grc' dir='ltr'><strong>τὸν</strong></span> <span class='ocrx_word' id='word_1_148' title='bbox 1358 1347 1432 1398; x_wconf 86' lang='grc' dir='ltr'><strong>τῆς</strong></span> <span class='ocrx_word' id='word_1_149' title='bbox 1458 1347 1669 1394; x_wconf 56' lang='lat' dir='ltr'><strong>Rama-{ag</strong></span> 
     </span>
     <span class='ocr_line' id='line_1_19' title="bbox 196 1407 1669 1466; baseline -0.003 -13"><span class='ocrx_word' id='word_1_150' title='bbox 196 1413 330 1454; x_wconf 75' lang='grc' dir='ltr'><strong><em>πλοῦν</em></strong></span> <span class='ocrx_word' id='word_1_151' title='bbox 359 1412 639 1464; x_wconf 71' lang='grc' dir='ltr'><strong><em>ἀπεπέμψατο</em></strong></span> <span class='ocrx_word' id='word_1_152' title='bbox 670 1412 827 1464; x_wconf 82' lang='grc' dir='ltr'><strong><em>η’πίως,</em></strong></span> <span class='ocrx_word' id='word_1_153' title='bbox 869 1409 1055 1466; x_wconf 80' lang='grc' dir='ltr'><strong><em>φάμενος</em></strong></span> <span class='ocrx_word' id='word_1_154' title='bbox 1085 1407 1157 1451; x_wconf 76' lang='grc' dir='ltr'><strong>ἐπί</strong></span> <span class='ocrx_word' id='word_1_155' title='bbox 1185 1409 1286 1459; x_wconf 76' lang='grc' dir='ltr'><strong><em>τούς</em></strong></span> <span class='ocrx_word' id='word_1_156' title='bbox 1310 1409 1554 1462; x_wconf 70' lang='grc' dir='ltr'><strong>ιΡωμοιίους</strong></span> <span class='ocrx_word' id='word_1_157' title='bbox 1585 1410 1669 1451; x_wconf 78' lang='grc' dir='ltr'><strong>αὐ-</strong></span> 
     </span>
     <span class='ocr_line' id='line_1_20' title="bbox 197 1472 1667 1531; baseline -0.001 -11"><span class='ocrx_word' id='word_1_158' title='bbox 197 1478 269 1521; x_wconf 85' lang='grc' dir='ltr'><strong>τὸν</strong></span> <span class='ocrx_word' id='word_1_159' title='bbox 301 1480 550 1520; x_wconf 73' lang='grc' dir='ltr'><strong><em>ἐνδεδέσθαι</em></strong></span> <span class='ocrx_word' id='word_1_160' title='bbox 581 1478 785 1530; x_wconf 83' lang='grc' dir='ltr'><strong><em>πρότερον</em></strong></span> <span class='ocrx_word' id='word_1_161' title='bbox 824 1479 896 1518; x_wconf 85' lang='grc' dir='ltr'><em>καί</em></span> <span class='ocrx_word' id='word_1_162' title='bbox 923 1475 1020 1524; x_wconf 81' lang='grc' dir='ltr'><strong><em>τούς</em></strong></span> <span class='ocrx_word' id='word_1_163' title='bbox 1050 1491 1092 1518; x_wconf 88' lang='grc' dir='ltr'><strong>τε</strong></span> <span class='ocrx_word' id='word_1_164' title='bbox 1126 1475 1360 1525; x_wconf 81' lang='grc' dir='ltr'><strong><em>Ονένετοὺς</em></strong></span> <span class='ocrx_word' id='word_1_165' title='bbox 1387 1476 1461 1517; x_wconf 79' lang='grc' dir='ltr'><em>καί</em></span> <span class='ocrx_word' id='word_1_166' title='bbox 1487 1475 1562 1531; x_wconf 70' lang='grc' dir='ltr'><strong>τήν</strong></span> <span class='ocrx_word' id='word_1_167' title='bbox 1593 1472 1667 1518; x_wconf 72' lang='grc' dir='ltr'><strong>ἅλ-</strong></span> 
     </span>
     <span class='ocr_line' id='line_1_21' title="bbox 139 1542 1709 1600; baseline -0.003 -13"><span class='ocrx_word' id='word_1_168' title='bbox 139 1550 274 1600; x_wconf 81' lang='grc' dir='ltr'><strong><em>2ολην</em></strong></span> <span class='ocrx_word' id='word_1_169' title='bbox 310 1546 514 1595; x_wconf 86' lang='grc' dir='ltr'><strong><em>Ἰταλίαν,</em></strong></span> <span class='ocrx_word' id='word_1_170' title='bbox 546 1546 732 1586; x_wconf 77' lang='grc' dir='ltr'><strong><em>ἐνταῦθα</em></strong></span> <span class='ocrx_word' id='word_1_171' title='bbox 775 1542 901 1585; x_wconf 74' lang='grc' dir='ltr'><strong><em>αὐτὸν</em></strong></span> <span class='ocrx_word' id='word_1_172' title='bbox 931 1544 1039 1585; x_wconf 80' lang='grc' dir='ltr'><strong><em>ἰέναι</em></strong></span> <span class='ocrx_word' id='word_1_173' title='bbox 1069 1543 1340 1592; x_wconf 79' lang='grc' dir='ltr'><strong><em>κελεύοντας·</em></strong></span> <span class='ocrx_word' id='word_1_174' title='bbox 1408 1542 1709 1596; x_wconf 74' lang='grc' dir='ltr'><strong><em>παραλαβώνο</em></strong></span> 
     </span>
     <span class='ocr_line' id='line_1_22' title="bbox 198 1607 1668 1664; baseline -0.001 -12"><span class='ocrx_word' id='word_1_175' title='bbox 198 1613 246 1653; x_wconf 79' lang='grc' dir='ltr'><strong>δὲ</strong></span> <span class='ocrx_word' id='word_1_176' title='bbox 276 1611 376 1659; x_wconf 80' lang='grc' dir='ltr'><strong><em>τούς</em></strong></span> <span class='ocrx_word' id='word_1_177' title='bbox 406 1626 452 1652; x_wconf 87' lang='grc' dir='ltr'><strong>τε</strong></span> <span class='ocrx_word' id='word_1_178' title='bbox 490 1612 730 1661; x_wconf 78' lang='grc' dir='ltr'><strong><em>Βυζαντίου</em></strong></span> <span class='ocrx_word' id='word_1_179' title='bbox 776 1611 989 1664; x_wconf 73' lang='grc' dir='ltr'><strong><em>ἀρχιερεῖς</em></strong></span> <span class='ocrx_word' id='word_1_180' title='bbox 1031 1608 1104 1650; x_wconf 69' lang='grc' dir='ltr'><strong>καί</strong></span> <span class='ocrx_word' id='word_1_181' title='bbox 1131 1607 1342 1662; x_wconf 79' lang='grc' dir='ltr'><strong><em>Ἑλλήνων</em></strong></span> <span class='ocrx_word' id='word_1_182' title='bbox 1382 1607 1479 1656; x_wconf 79' lang='grc' dir='ltr'><strong><em>τούς</em></strong></span> <span class='ocrx_word' id='word_1_183' title='bbox 1509 1610 1668 1662; x_wconf 78' lang='grc' dir='ltr'><strong><em>ἐλλογί-</em></strong></span> 
     </span>
     <span class='ocr_line' id='line_1_23' title="bbox 197 1672 1671 1736; baseline -0.003 -17"><span class='ocrx_word' id='word_1_184' title='bbox 197 1693 306 1732; x_wconf 82' lang='grc' dir='ltr'><strong><em>μους</em></strong></span> <span class='ocrx_word' id='word_1_185' title='bbox 331 1672 467 1736; x_wconf 72' lang='grc' dir='ltr'><strong><em>ᾤχετο</em></strong></span> <span class='ocrx_word' id='word_1_186' title='bbox 498 1679 720 1718; x_wconf 85' lang='grc' dir='ltr'><strong><em>α’ποπλέων</em></strong></span> <span class='ocrx_word' id='word_1_187' title='bbox 751 1677 823 1718; x_wconf 84' lang='grc' dir='ltr'><strong>ἑπί</strong></span> <span class='ocrx_word' id='word_1_188' title='bbox 863 1676 1055 1718; x_wconf 84' lang='grc' dir='ltr'><strong><em>Ἰταλίαν.</em></strong></span> <span class='ocrx_word' id='word_1_189' title='bbox 1114 1678 1189 1716; x_wconf 82' lang='grc' dir='ltr'><em>καί</em></span> <span class='ocrx_word' id='word_1_190' title='bbox 1230 1678 1272 1724; x_wconf 81' lang='grc' dir='ltr'><strong><em>ἐς</em></strong></span> <span class='ocrx_word' id='word_1_191' title='bbox 1302 1672 1400 1724; x_wconf 80' lang='grc' dir='ltr'><strong><em>τούς</em></strong></span> <span class='ocrx_word' id='word_1_192' title='bbox 1434 1673 1671 1723; x_wconf 77' lang='grc' dir='ltr'><strong><em>Ουένετούς</em></strong></span> 
     </span>
     <span class='ocr_line' id='line_1_24' title="bbox 200 1736 1669 1799; baseline -0.002 -14"><span class='ocrx_word' id='word_1_193' title='bbox 200 1743 454 1799; x_wconf 73' lang='grc' dir='ltr'><strong><em>ἀφικόμενος</em></strong></span> <span class='ocrx_word' id='word_1_194' title='bbox 498 1741 714 1796; x_wconf 74' lang='grc' dir='ltr'><strong><em>ἐκομίζετο</em></strong></span> <span class='ocrx_word' id='word_1_195' title='bbox 760 1743 832 1784; x_wconf 74' lang='grc' dir='ltr'><strong>ἐπὶ</strong></span> <span class='ocrx_word' id='word_1_196' title='bbox 863 1736 1191 1799; x_wconf 77' lang='grc' dir='ltr'><strong><em>Φερραριάς,ᾗ</em></strong></span> <span class='ocrx_word' id='word_1_197' title='bbox 1224 1740 1456 1796; x_wconf 81' lang='grc' dir='ltr'><strong><em>διατρίβειν</em></strong></span> <span class='ocrx_word' id='word_1_198' title='bbox 1486 1739 1560 1782; x_wconf 80' lang='grc' dir='ltr'><strong>τόν</strong></span> <span class='ocrx_word' id='word_1_199' title='bbox 1590 1742 1669 1795; x_wconf 86' lang='grc' dir='ltr'><strong><em>α’ρ-</em></strong></span> 
     </span>
    </p>
   </div>
   <div class='ocr_carea' id='block_1_3' title="bbox 201 1942 1670 2793">
    <p class='ocr_par' dir='ltr' id='par_1_4' title="bbox 201 1942 1670 2793">
     <span class='ocr_line' id='line_1_25' title="bbox 296 1942 1667 1990; baseline -0.003 -11"><span class='ocrx_word' id='word_1_200' title='bbox 296 1946 434 1980; x_wconf 88' lang='lat' dir='ltr'><strong>Bellnm</strong></span> <span class='ocrx_word' id='word_1_201' title='bbox 469 1946 566 1979; x_wconf 87' lang='lat' dir='ltr'><strong>inter</strong></span> <span class='ocrx_word' id='word_1_202' title='bbox 590 1946 780 1990; x_wconf 81' lang='lat' dir='ltr'>Byzantios</span> <span class='ocrx_word' id='word_1_203' title='bbox 820 1950 857 1978; x_wconf 88' lang='lat' dir='ltr'><strong>et</strong></span> <span class='ocrx_word' id='word_1_204' title='bbox 881 1946 1076 1978; x_wconf 84' lang='lat' dir='ltr'><strong>Ianuenses</strong></span> <span class='ocrx_word' id='word_1_205' title='bbox 1106 1943 1315 1978; x_wconf 86' lang='lat' dir='ltr'><strong>huiusmodi</strong></span> <span class='ocrx_word' id='word_1_206' title='bbox 1356 1944 1492 1977; x_wconf 84' lang='lat' dir='ltr'><strong>exitum</strong></span> <span class='ocrx_word' id='word_1_207' title='bbox 1526 1942 1667 1977; x_wconf 84' lang='lat' dir='ltr'><strong>habuit.</strong></span> 
     </span>
     <span class='ocr_line' id='line_1_26' title="bbox 201 1990 1669 2035; baseline -0.003 -8"><span class='ocrx_word' id='word_1_208' title='bbox 201 1993 303 2027; x_wconf 89' lang='lat' dir='ltr'><strong>bello</strong></span> <span class='ocrx_word' id='word_1_209' title='bbox 329 1994 399 2027; x_wconf 85' lang='lat' dir='ltr'><strong>isto</strong></span> <span class='ocrx_word' id='word_1_210' title='bbox 424 1993 546 2034; x_wconf 87' lang='lat' dir='ltr'><strong>finito,</strong></span> <span class='ocrx_word' id='word_1_211' title='bbox 574 1994 727 2026; x_wconf 83' lang='lat' dir='ltr'><strong>Ioannes</strong></span> <span class='ocrx_word' id='word_1_212' title='bbox 751 1993 969 2026; x_wconf 83' lang='lat' dir='ltr'><strong>Graecorum</strong></span> <span class='ocrx_word' id='word_1_213' title='bbox 1002 2004 1061 2024; x_wconf 82' lang='lat' dir='ltr'><strong>rex</strong></span> <span class='ocrx_word' id='word_1_214' title='bbox 1099 1992 1234 2035; x_wconf 83' lang='lat' dir='ltr'><strong>legatos</strong></span> <span class='ocrx_word' id='word_1_215' title='bbox 1262 1993 1313 2024; x_wconf 89' lang='lat' dir='ltr'><strong>ire</strong></span> <span class='ocrx_word' id='word_1_216' title='bbox 1341 1991 1443 2024; x_wconf 88' lang='lat' dir='ltr'><strong>iubet</strong></span> <span class='ocrx_word' id='word_1_217' title='bbox 1467 1990 1514 2023; x_wconf 83' lang='lat' dir='ltr'><strong>ad</strong></span> <span class='ocrx_word' id='word_1_218' title='bbox 1540 1992 1669 2023; x_wconf 83' lang='lat' dir='ltr'><strong>Roma-</strong></span> 
     </span>
     <span class='ocr_line' id='line_1_27' title="bbox 202 2038 1669 2086; baseline -0.003 -12"><span class='ocrx_word' id='word_1_219' title='bbox 202 2053 288 2075; x_wconf 86' lang='lat' dir='ltr'><strong>num</strong></span> <span class='ocrx_word' id='word_1_220' title='bbox 313 2041 523 2086; x_wconf 82' lang='lat' dir='ltr'><strong>pontificem</strong></span> <span class='ocrx_word' id='word_1_221' title='bbox 552 2041 752 2084; x_wconf 81' lang='lat' dir='ltr'>Eugenium</span> <span class='ocrx_word' id='word_1_222' title='bbox 778 2040 950 2079; x_wconf 86' lang='lat' dir='ltr'><strong>nomine,</strong></span> <span class='ocrx_word' id='word_1_223' title='bbox 985 2045 1151 2084; x_wconf 87' lang='lat' dir='ltr'><strong>petentes</strong></span> <span class='ocrx_word' id='word_1_224' title='bbox 1180 2046 1220 2072; x_wconf 87' lang='lat' dir='ltr'><strong>ut</strong></span> <span class='ocrx_word' id='word_1_225' title='bbox 1247 2039 1437 2072; x_wconf 86' lang='lat' dir='ltr'><strong>concilium</strong></span> <span class='ocrx_word' id='word_1_226' title='bbox 1466 2038 1669 2071; x_wconf 81' lang='lat' dir='ltr'><strong>celebrare-</strong></span> 
     </span>
     <span class='ocr_line' id='line_1_28' title="bbox 203 2086 1667 2133; baseline -0.003 -12"><span class='ocrx_word' id='word_1_227' title='bbox 203 2094 272 2129; x_wconf 89' lang='lat' dir='ltr'><strong>tur,</strong></span> <span class='ocrx_word' id='word_1_228' title='bbox 296 2099 368 2133; x_wconf 86' lang='lat' dir='ltr'><strong>quo</strong></span> <span class='ocrx_word' id='word_1_229' title='bbox 396 2089 489 2121; x_wconf 87' lang='lat' dir='ltr'><strong>inter</strong></span> <span class='ocrx_word' id='word_1_230' title='bbox 506 2094 677 2132; x_wconf 85' lang='lat' dir='ltr'><strong>utrosque</strong></span> <span class='ocrx_word' id='word_1_231' title='bbox 702 2087 885 2131; x_wconf 77' lang='lat' dir='ltr'><strong>religionis</strong></span> <span class='ocrx_word' id='word_1_232' title='bbox 912 2087 1182 2120; x_wconf 77' lang='lat' dir='ltr'><strong>contentionem</strong></span> <span class='ocrx_word' id='word_1_233' title='bbox 1208 2086 1380 2120; x_wconf 85' lang='lat' dir='ltr'><strong>decenter</strong></span> <span class='ocrx_word' id='word_1_234' title='bbox 1394 2090 1667 2130; x_wconf 84' lang='lat' dir='ltr'><strong>componerent.</strong></span> 
     </span>
     <span class='ocr_line' id='line_1_29' title="bbox 202 2134 1668 2179; baseline -0.003 -10"><span class='ocrx_word' id='word_1_235' title='bbox 202 2136 367 2169; x_wconf 83' lang='lat' dir='ltr'><strong>tentabat</strong></span> <span class='ocrx_word' id='word_1_236' title='bbox 393 2146 435 2168; x_wconf 91' lang='lat' dir='ltr'><strong>eo</strong></span> <span class='ocrx_word' id='word_1_237' title='bbox 468 2134 577 2168; x_wconf 85' lang='lat' dir='ltr'><strong>modo</strong></span> <span class='ocrx_word' id='word_1_238' title='bbox 605 2134 893 2168; x_wconf 75' lang='lat' dir='ltr'><strong>occidentalium</strong></span> <span class='ocrx_word' id='word_1_239' title='bbox 919 2135 1071 2173; x_wconf 83' lang='lat' dir='ltr'><strong>animos,</strong></span> <span class='ocrx_word' id='word_1_240' title='bbox 1108 2146 1193 2167; x_wconf 90' lang='lat' dir='ltr'><strong>num</strong></span> <span class='ocrx_word' id='word_1_241' title='bbox 1220 2134 1366 2179; x_wconf 80' lang='lat' dir='ltr'>plurimi</span> <span class='ocrx_word' id='word_1_242' title='bbox 1391 2134 1553 2166; x_wconf 78' lang='lat' dir='ltr'><strong>facerent</strong></span> <span class='ocrx_word' id='word_1_243' title='bbox 1579 2144 1668 2165; x_wconf 88' lang='lat' dir='ltr'><strong>con-</strong></span> 
     </span>
     <span class='ocr_line' id='line_1_30' title="bbox 202 2179 1667 2225; baseline -0.003 -9"><span class='ocrx_word' id='word_1_244' title='bbox 202 2182 362 2216; x_wconf 81' lang='lat' dir='ltr'><strong>cordiam</strong></span> <span class='ocrx_word' id='word_1_245' title='bbox 386 2182 612 2216; x_wconf 85' lang='lat' dir='ltr'><strong>constabiliri</strong></span> <span class='ocrx_word' id='word_1_246' title='bbox 638 2194 716 2215; x_wconf 88' lang='lat' dir='ltr'><strong>eum</strong></span> <span class='ocrx_word' id='word_1_247' title='bbox 743 2182 887 2215; x_wconf 79' lang='lat' dir='ltr'><strong>Graecis</strong></span> <span class='ocrx_word' id='word_1_248' title='bbox 915 2182 952 2214; x_wconf 92' lang='lat' dir='ltr'><strong>in</strong></span> <span class='ocrx_word' id='word_1_249' title='bbox 970 2182 1156 2225; x_wconf 78' lang='lat' dir='ltr'><strong>religionis</strong></span> <span class='ocrx_word' id='word_1_250' title='bbox 1185 2181 1442 2215; x_wconf 82' lang='lat' dir='ltr'><strong>controversia.</strong></span> <span class='ocrx_word' id='word_1_251' title='bbox 1492 2180 1600 2224; x_wconf 86' lang='lat' dir='ltr'><strong>legati</strong></span> <span class='ocrx_word' id='word_1_252' title='bbox 1629 2179 1667 2212; x_wconf 89' lang='lat' dir='ltr'><strong>in</strong></span> 
     </span>
     <span class='ocr_line' id='line_1_31' title="bbox 203 2229 1668 2273; baseline -0.003 -10"><span class='ocrx_word' id='word_1_253' title='bbox 203 2230 430 2264; x_wconf 76' lang='lat' dir='ltr'><strong>Germaniam</strong></span> <span class='ocrx_word' id='word_1_254' title='bbox 461 2241 606 2262; x_wconf 85' lang='lat' dir='ltr'><strong>venere.</strong></span> <span class='ocrx_word' id='word_1_255' title='bbox 665 2241 706 2263; x_wconf 82' lang='lat' dir='ltr'><strong>ea</strong></span> <span class='ocrx_word' id='word_1_256' title='bbox 748 2234 963 2273; x_wconf 83' lang='lat' dir='ltr'><strong>tempestate</strong></span> <span class='ocrx_word' id='word_1_257' title='bbox 991 2229 1164 2262; x_wconf 84' lang='lat' dir='ltr'><strong>Germani</strong></span> <span class='ocrx_word' id='word_1_258' title='bbox 1193 2229 1355 2261; x_wconf 80' lang='lat' dir='ltr'><strong>Basileae</strong></span> <span class='ocrx_word' id='word_1_259' title='bbox 1380 2233 1484 2261; x_wconf 77' lang='lat' dir='ltr'><strong>erant</strong></span> <span class='ocrx_word' id='word_1_260' title='bbox 1516 2237 1668 2270; x_wconf 88' lang='lat' dir='ltr'><strong>congre-</strong></span> 
     </span>
     <span class='ocr_line' id='line_1_32' title="bbox 204 2275 1669 2322; baseline -0.002 -12"><span class='ocrx_word' id='word_1_261' title='bbox 204 2277 298 2322; x_wconf 76' lang='lat' dir='ltr'><strong>gaii,</strong></span> <span class='ocrx_word' id='word_1_262' title='bbox 323 2276 542 2310; x_wconf 77' lang='lat' dir='ltr'><strong>dissidentes</strong></span> <span class='ocrx_word' id='word_1_263' title='bbox 577 2277 767 2310; x_wconf 83' lang='lat' dir='ltr'><strong>sententiis</strong></span> <span class='ocrx_word' id='word_1_264' title='bbox 795 2282 920 2309; x_wconf 80' lang='lat' dir='ltr'><strong>contra</strong></span> <span class='ocrx_word' id='word_1_265' title='bbox 946 2275 1142 2319; x_wconf 83' lang='lat' dir='ltr'><strong>Eugenium</strong></span> <span class='ocrx_word' id='word_1_266' title='bbox 1169 2275 1399 2320; x_wconf 80' lang='lat' dir='ltr'><strong>pontificem3</strong></span> <span class='ocrx_word' id='word_1_267' title='bbox 1433 2286 1505 2320; x_wconf 89' lang='lat' dir='ltr'><strong>quo</strong></span> <span class='ocrx_word' id='word_1_268' title='bbox 1542 2285 1669 2318; x_wconf 85' lang='lat' dir='ltr'><strong>repro·-</strong></span> 
     </span>
     <span class='ocr_line' id='line_1_33' title="bbox 205 2321 1669 2369; baseline -0.003 -12"><span class='ocrx_word' id='word_1_269' title='bbox 205 2324 290 2357; x_wconf 81' lang='lat' dir='ltr'><strong>bato</strong></span> <span class='ocrx_word' id='word_1_270' title='bbox 314 2330 481 2358; x_wconf 82' lang='lat' dir='ltr'><strong>crearunt</strong></span> <span class='ocrx_word' id='word_1_271' title='bbox 505 2324 716 2369; x_wconf 85' lang='lat' dir='ltr'><strong>pontificem</strong></span> <span class='ocrx_word' id='word_1_272' title='bbox 733 2324 882 2357; x_wconf 88' lang='lat' dir='ltr'><strong>nomine</strong></span> <span class='ocrx_word' id='word_1_273' title='bbox 909 2324 1076 2363; x_wconf 83' lang='lat' dir='ltr'><strong>Felicem,</strong></span> <span class='ocrx_word' id='word_1_274' title='bbox 1096 2325 1213 2356; x_wconf 86' lang='lat' dir='ltr'><strong>virum</strong></span> <span class='ocrx_word' id='word_1_275' title='bbox 1237 2323 1333 2355; x_wconf 87' lang='lat' dir='ltr'><strong>inter</strong></span> <span class='ocrx_word' id='word_1_276' title='bbox 1357 2323 1453 2366; x_wconf 84' lang='lat' dir='ltr'><strong>ipsos</strong></span> <span class='ocrx_word' id='word_1_277' title='bbox 1480 2322 1516 2354; x_wconf 88' lang='lat' dir='ltr'><strong>in</strong></span> <span class='ocrx_word' id='word_1_278' title='bbox 1543 2321 1669 2365; x_wconf 88' lang='lat' dir='ltr'><strong>primis</strong></span> 
     </span>
     <span class='ocr_line' id='line_1_34' title="bbox 206 2368 1670 2417; baseline -0.003 -13"><span class='ocrx_word' id='word_1_279' title='bbox 206 2376 388 2416; x_wconf 81' lang='lat' dir='ltr'><strong>spectatae</strong></span> <span class='ocrx_word' id='word_1_280' title='bbox 427 2371 629 2416; x_wconf 77' lang='lat' dir='ltr'><strong>probitatis.</strong></span> <span class='ocrx_word' id='word_1_281' title='bbox 691 2371 787 2417; x_wconf 59' lang='lat' dir='ltr'><strong>igunc</strong></span> <span class='ocrx_word' id='word_1_282' title='bbox 818 2371 963 2404; x_wconf 89' lang='lat' dir='ltr'><strong>concilii</strong></span> <span class='ocrx_word' id='word_1_283' title='bbox 991 2382 1168 2403; x_wconf 84' lang='lat' dir='ltr'><strong>consensu</strong></span> <span class='ocrx_word' id='word_1_284' title='bbox 1195 2369 1404 2415; x_wconf 85' lang='lat' dir='ltr'><strong>pontificem</strong></span> <span class='ocrx_word' id='word_1_285' title='bbox 1430 2368 1670 2401; x_wconf 83' lang='lat' dir='ltr'><strong>declararunt.</strong></span> 
     </span>
     <span class='ocr_line' id='line_1_35' title="bbox 206 2415 1669 2464; baseline -0.001 -14"><span class='ocrx_word' id='word_1_286' title='bbox 206 2417 312 2451; x_wconf 78' lang='lat' dir='ltr'><strong>ambo</strong></span> <span class='ocrx_word' id='word_1_287' title='bbox 342 2418 450 2461; x_wconf 86' lang='lat' dir='ltr'><strong>igitur</strong></span> <span class='ocrx_word' id='word_1_288' title='bbox 473 2418 663 2464; x_wconf 80' lang='lat' dir='ltr'><strong>pontifices</strong></span> <span class='ocrx_word' id='word_1_289' title='bbox 689 2419 851 2451; x_wconf 86' lang='lat' dir='ltr'><strong>triremes</strong></span> <span class='ocrx_word' id='word_1_290' title='bbox 870 2419 1074 2456; x_wconf 82' lang='lat' dir='ltr'><strong>instruunt,</strong></span> <span class='ocrx_word' id='word_1_291' title='bbox 1100 2424 1137 2451; x_wconf 89' lang='lat' dir='ltr'><strong>et</strong></span> <span class='ocrx_word' id='word_1_292' title='bbox 1164 2418 1336 2450; x_wconf 86' lang='lat' dir='ltr'><strong>loannem</strong></span> <span class='ocrx_word' id='word_1_293' title='bbox 1364 2415 1525 2459; x_wconf 82' lang='lat' dir='ltr'><strong>Byzantii</strong></span> <span class='ocrx_word' id='word_1_294' title='bbox 1551 2426 1669 2459; x_wconf 84' lang='lat' dir='ltr'><strong>regem</strong></span> 
     </span>
     <span class='ocr_line' id='line_1_36' title="bbox 206 2462 1670 2511; baseline -0.001 -13"><span class='ocrx_word' id='word_1_295' title='bbox 206 2464 448 2498; x_wconf 69' lang='lat' dir='ltr'><strong>accen-sebam.</strong></span> <span class='ocrx_word' id='word_1_296' title='bbox 479 2470 630 2511; x_wconf 88' lang='lat' dir='ltr'><strong>uterque</strong></span> <span class='ocrx_word' id='word_1_297' title='bbox 659 2466 755 2498; x_wconf 90' lang='lat' dir='ltr'><strong>enim</strong></span> <span class='ocrx_word' id='word_1_298' title='bbox 774 2465 840 2498; x_wconf 87' lang='lat' dir='ltr'><strong>sub</strong></span> <span class='ocrx_word' id='word_1_299' title='bbox 866 2476 904 2498; x_wconf 83' lang='lat' dir='ltr'><strong>se</strong></span> <span class='ocrx_word' id='word_1_300' title='bbox 929 2465 1125 2498; x_wconf 88' lang='lat' dir='ltr'><strong>concilium</strong></span> <span class='ocrx_word' id='word_1_301' title='bbox 1152 2465 1279 2507; x_wconf 82' lang='lat' dir='ltr'><strong>agitari</strong></span> <span class='ocrx_word' id='word_1_302' title='bbox 1307 2469 1343 2497; x_wconf 86' lang='lat' dir='ltr'><strong>et</strong></span> <span class='ocrx_word' id='word_1_303' title='bbox 1367 2462 1555 2506; x_wconf 81' lang='lat' dir='ltr'><strong>religionis</strong></span> <span class='ocrx_word' id='word_1_304' title='bbox 1582 2473 1670 2496; x_wconf 87' lang='lat' dir='ltr'><strong>con-</strong></span> 
     </span>
     <span class='ocr_line' id='line_1_37' title="bbox 206 2509 1670 2557; baseline -0.003 -11"><span class='ocrx_word' id='word_1_305' title='bbox 206 2512 437 2551; x_wconf 82' lang='lat' dir='ltr'><strong>troversiam,</strong></span> <span class='ocrx_word' id='word_1_306' title='bbox 474 2522 567 2557; x_wconf 83' lang='lat' dir='ltr'><strong>quae</strong></span> <span class='ocrx_word' id='word_1_307' title='bbox 593 2524 671 2546; x_wconf 86' lang='lat' dir='ltr'><strong>cum</strong></span> <span class='ocrx_word' id='word_1_308' title='bbox 698 2512 843 2546; x_wconf 81' lang='lat' dir='ltr'><strong>Graecis</strong></span> <span class='ocrx_word' id='word_1_309' title='bbox 868 2513 1141 2551; x_wconf 82' lang='lat' dir='ltr'><strong>intercesserat,</strong></span> <span class='ocrx_word' id='word_1_310' title='bbox 1177 2511 1272 2544; x_wconf 84' lang='lat' dir='ltr'><strong>finiri</strong></span> <span class='ocrx_word' id='word_1_311' title='bbox 1306 2509 1463 2543; x_wconf 84' lang='lat' dir='ltr'><strong>volebat.</strong></span> <span class='ocrx_word' id='word_1_312' title='bbox 1513 2521 1592 2542; x_wconf 86' lang='lat' dir='ltr'><strong>curn</strong></span> <span class='ocrx_word' id='word_1_313' title='bbox 1622 2509 1670 2542; x_wconf 76' lang='lat' dir='ltr'><strong>ab</strong></span> 
     </span>
     <span class='ocr_line' id='line_1_38' title="bbox 207 2556 1670 2605; baseline -0.001 -13"><span class='ocrx_word' id='word_1_314' title='bbox 207 2565 362 2604; x_wconf 84' lang='lat' dir='ltr'><strong>utroque</strong></span> <span class='ocrx_word' id='word_1_315' title='bbox 398 2559 579 2592; x_wconf 78' lang='lat' dir='ltr'><strong>venissent</strong></span> <span class='ocrx_word' id='word_1_316' title='bbox 609 2560 794 2600; x_wconf 86' lang='lat' dir='ltr'><strong>triremes,</strong></span> <span class='ocrx_word' id='word_1_317' title='bbox 834 2570 895 2592; x_wconf 82' lang='lat' dir='ltr'><strong>rex</strong></span> <span class='ocrx_word' id='word_1_318' title='bbox 928 2559 1076 2605; x_wconf 87' lang='lat' dir='ltr'><strong>quidem</strong></span> <span class='ocrx_word' id='word_1_319' title='bbox 1113 2557 1281 2602; x_wconf 83' lang='lat' dir='ltr'><strong>benignis</strong></span> <span class='ocrx_word' id='word_1_320' title='bbox 1315 2557 1432 2591; x_wconf 85' lang='lat' dir='ltr'><strong>verbis</strong></span> <span class='ocrx_word' id='word_1_321' title='bbox 1462 2561 1500 2589; x_wconf 86' lang='lat' dir='ltr'><strong>et</strong></span> <span class='ocrx_word' id='word_1_322' title='bbox 1526 2556 1670 2600; x_wconf 81' lang='lat' dir='ltr'><strong>placide</strong></span> 
     </span>
     <span class='ocr_line' id='line_1_39' title="bbox 205 2604 1670 2651; baseline -0.001 -11"><span class='ocrx_word' id='word_1_323' title='bbox 205 2606 351 2640; x_wconf 86' lang='lat' dir='ltr'><strong>consilii</strong></span> <span class='ocrx_word' id='word_1_324' title='bbox 381 2605 592 2639; x_wconf 77' lang='lat' dir='ltr'><strong>Basileensis</strong></span> <span class='ocrx_word' id='word_1_325' title='bbox 618 2606 834 2651; x_wconf 82' lang='lat' dir='ltr'><strong>legationem</strong></span> <span class='ocrx_word' id='word_1_326' title='bbox 861 2605 1093 2645; x_wconf 81' lang='lat' dir='ltr'><strong>dimittebat,</strong></span> <span class='ocrx_word' id='word_1_327' title='bbox 1118 2605 1240 2638; x_wconf 88' lang='lat' dir='ltr'><strong>dicens</strong></span> <span class='ocrx_word' id='word_1_328' title='bbox 1267 2615 1304 2636; x_wconf 90' lang='lat' dir='ltr'><strong>se</strong></span> <span class='ocrx_word' id='word_1_329' title='bbox 1333 2615 1412 2636; x_wconf 87' lang='lat' dir='ltr'><strong>curn</strong></span> <span class='ocrx_word' id='word_1_330' title='bbox 1440 2604 1606 2638; x_wconf 80' lang='lat' dir='ltr'><strong>Romanis</strong></span> <span class='ocrx_word' id='word_1_331' title='bbox 1633 2609 1670 2638; x_wconf 84' lang='lat' dir='ltr'><strong>et</strong></span> 
     </span>
     <span class='ocr_line' id='line_1_40' title="bbox 204 2652 1668 2698; baseline -0.001 -12"><span class='ocrx_word' id='word_1_332' title='bbox 204 2653 355 2687; x_wconf 84' lang='lat' dir='ltr'><strong>Venetis</strong></span> <span class='ocrx_word' id='word_1_333' title='bbox 381 2658 418 2685; x_wconf 86' lang='lat' dir='ltr'><strong>et</strong></span> <span class='ocrx_word' id='word_1_334' title='bbox 442 2663 520 2685; x_wconf 88' lang='lat' dir='ltr'><strong>cum</strong></span> <span class='ocrx_word' id='word_1_335' title='bbox 547 2654 684 2698; x_wconf 80' lang='lat' dir='ltr'><strong>reliqua</strong></span> <span class='ocrx_word' id='word_1_336' title='bbox 700 2655 804 2687; x_wconf 76' lang='lat' dir='ltr'><strong>Italia</strong></span> <span class='ocrx_word' id='word_1_337' title='bbox 830 2655 898 2686; x_wconf 85' lang='lat' dir='ltr'><strong>iam</strong></span> <span class='ocrx_word' id='word_1_338' title='bbox 925 2659 1009 2687; x_wconf 86' lang='lat' dir='ltr'><strong>ante</strong></span> <span class='ocrx_word' id='word_1_339' title='bbox 1037 2653 1268 2691; x_wconf 82' lang='lat' dir='ltr'><strong>collocutum,</strong></span> <span class='ocrx_word' id='word_1_340' title='bbox 1293 2652 1354 2696; x_wconf 87' lang='lat' dir='ltr'><strong>qui</strong></span> <span class='ocrx_word' id='word_1_341' title='bbox 1383 2661 1508 2683; x_wconf 87' lang='lat' dir='ltr'><strong>omnes</strong></span> <span class='ocrx_word' id='word_1_342' title='bbox 1529 2662 1567 2684; x_wconf 90' lang='lat' dir='ltr'><strong>se</strong></span> <span class='ocrx_word' id='word_1_343' title='bbox 1596 2652 1668 2685; x_wconf 83' lang='lat' dir='ltr'><strong>Ro-</strong></span> 
     </span>
     <span class='ocr_line' id='line_1_41' title="bbox 206 2698 1669 2745; baseline -0.001 -11"><span class='ocrx_word' id='word_1_344' title='bbox 206 2711 299 2734; x_wconf 82' lang='lat' dir='ltr'><strong>mam</strong></span> <span class='ocrx_word' id='word_1_345' title='bbox 325 2700 503 2745; x_wconf 82' lang='lat' dir='ltr'><strong>proficisci</strong></span> <span class='ocrx_word' id='word_1_346' title='bbox 544 2699 703 2734; x_wconf 83' lang='lat' dir='ltr'><strong>iubeant.</strong></span> <span class='ocrx_word' id='word_1_347' title='bbox 766 2711 949 2734; x_wconf 84' lang='lat' dir='ltr'><strong>assumens</strong></span> <span class='ocrx_word' id='word_1_348' title='bbox 989 2701 1112 2744; x_wconf 83' lang='lat' dir='ltr'><strong>itaque</strong></span> <span class='ocrx_word' id='word_1_349' title='bbox 1143 2698 1302 2742; x_wconf 78' lang='lat' dir='ltr'><strong>Byzantii</strong></span> <span class='ocrx_word' id='word_1_350' title='bbox 1335 2704 1372 2731; x_wconf 88' lang='lat' dir='ltr'><strong>et</strong></span> <span class='ocrx_word' id='word_1_351' title='bbox 1397 2698 1602 2732; x_wconf 76' lang='lat' dir='ltr'><strong>sacerdotes</strong></span> <span class='ocrx_word' id='word_1_352' title='bbox 1632 2704 1669 2732; x_wconf 87' lang='lat' dir='ltr'><strong>et</strong></span> 
     </span>
     <span class='ocr_line' id='line_1_42' title="bbox 207 2745 1668 2793; baseline -0.002 -11"><span class='ocrx_word' id='word_1_353' title='bbox 207 2747 425 2782; x_wconf 78' lang='lat' dir='ltr'><strong>Graecorum</strong></span> <span class='ocrx_word' id='word_1_354' title='bbox 454 2747 738 2793; x_wconf 83' lang='lat' dir='ltr'><strong>sapientissimos</strong></span> <span class='ocrx_word' id='word_1_355' title='bbox 761 2753 798 2782; x_wconf 88' lang='lat' dir='ltr'><strong>et</strong></span> <span class='ocrx_word' id='word_1_356' title='bbox 822 2747 1070 2789; x_wconf 78' lang='lat' dir='ltr'><strong>doctissimos,</strong></span> <span class='ocrx_word' id='word_1_357' title='bbox 1101 2745 1294 2790; x_wconf 79' lang='lat' dir='ltr'><strong>navigabat</strong></span> <span class='ocrx_word' id='word_1_358' title='bbox 1319 2745 1357 2779; x_wconf 76' lang='lat' dir='ltr'><strong>in</strong></span> <span class='ocrx_word' id='word_1_359' title='bbox 1383 2746 1537 2779; x_wconf 82' lang='lat' dir='ltr'><strong>ltaliam.</strong></span> <span class='ocrx_word' id='word_1_360' title='bbox 1587 2757 1668 2779; x_wconf 88' lang='lat' dir='ltr'><strong>cum</strong></span> 
     </span>
    </p>
   </div>
  </div>
 </body>
</html>
