<?xml version="1.0" encoding="UTF-8"?>
<!DOCTYPE html PUBLIC "-//W3C//DTD XHTML 1.0 Transitional//EN"
    "http://www.w3.org/TR/xhtml1/DTD/xhtml1-transitional.dtd">
<html xmlns="http://www.w3.org/1999/xhtml" xml:lang="en" lang="en">
 <head>
  <title>
</title>
<meta http-equiv="Content-Type" content="text/html;charset=utf-8" />
  <meta name='ocr-system' content='tesseract 3.04.00' />
  <meta name='ocr-capabilities' content='ocr_page ocr_carea ocr_par ocr_line ocrx_word'/>
</head>
<body>
  <div class='ocr_page' id='page_1' title='image "./corpusscriptorum32niebuoft_0192.png"; bbox 0 0 1748 3210; ppageno 0'>
   <div class='ocr_carea' id='block_1_1' title="bbox 206 174 1298 218">
    <p class='ocr_par' dir='ltr' id='par_1_1' title="bbox 206 174 1298 218">
     <span class='ocr_line' id='line_1_1' title="bbox 206 174 1298 218; baseline 0 -2"><span class='ocrx_word' id='word_1_1' title='bbox 206 177 226 216; x_wconf 85' lang='lat'>1</span> <span class='ocrx_word' id='word_1_2' title='bbox 235 174 296 218; x_wconf 75' lang='lat'>80</span> <span class='ocrx_word' id='word_1_3' title='bbox 532 174 750 216; x_wconf 78' lang='lat' dir='ltr'>LAONlCl</span> <span class='ocrx_word' id='word_1_4' title='bbox 792 174 1298 216; x_wconf 84' lang='lat' dir='ltr'>CHALCOCONDYLAE</span> 
     </span>
    </p>
   </div>
   <div class='ocr_carea' id='block_1_2' title="bbox 98 272 1697 1690">
    <p class='ocr_par' dir='ltr' id='par_1_2' title="bbox 98 272 1697 1690">
     <span class='ocr_line' id='line_1_2' title="bbox 199 272 1634 330; baseline -0.002 -13"><span class='ocrx_word' id='word_1_5' title='bbox 199 279 231 317; x_wconf 85' lang='grc' dir='ltr'>τ’</span> <span class='ocrx_word' id='word_1_6' title='bbox 251 276 434 328; x_wconf 76' lang='grc' dir='ltr'><em>ἀδελφοῦ</em></span> <span class='ocrx_word' id='word_1_7' title='bbox 464 273 513 315; x_wconf 77' lang='grc' dir='ltr'>τά</span> <span class='ocrx_word' id='word_1_8' title='bbox 541 273 844 327; x_wconf 75' lang='grc' dir='ltr'><em>στρατεύματα,</em></span> <span class='ocrx_word' id='word_1_9' title='bbox 870 273 914 313; x_wconf 89' lang='grc' dir='ltr'>τὸ</span> <span class='ocrx_word' id='word_1_10' title='bbox 945 274 1022 323; x_wconf 76' lang='grc' dir='ltr'>μὲν</span> <span class='ocrx_word' id='word_1_11' title='bbox 1049 275 1120 326; x_wconf 77' lang='grc' dir='ltr'>τῆς</span> <span class='ocrx_word' id='word_1_12' title='bbox 1148 273 1290 322; x_wconf 86' lang='grc' dir='ltr'><em>Ἀσίας</em></span> <span class='ocrx_word' id='word_1_13' title='bbox 1321 272 1469 327; x_wconf 76' lang='grc' dir='ltr'><em>διαβὰν</em></span> <span class='ocrx_word' id='word_1_14' title='bbox 1485 273 1563 315; x_wconf 72' lang='grc' dir='ltr'><em>σῦν</em></span> <span class='ocrx_word' id='word_1_15' title='bbox 1580 275 1634 330; x_wconf 76' lang='grc' dir='ltr'>τῷ</span> 
     </span>
     <span class='ocr_line' id='line_1_3' title="bbox 165 336 1635 395; baseline -0.003 -14"><span class='ocrx_word' id='word_1_16' title='bbox 165 343 426 395; x_wconf 74' lang='grc' dir='ltr'><em>ΒΖΠεχμὲτῃ,</em></span> <span class='ocrx_word' id='word_1_17' title='bbox 455 338 502 379; x_wconf 90' lang='grc' dir='ltr'>τό</span> <span class='ocrx_word' id='word_1_18' title='bbox 537 339 582 378; x_wconf 78' lang='grc' dir='ltr'>δὲ</span> <span class='ocrx_word' id='word_1_19' title='bbox 617 336 698 377; x_wconf 84' lang='grc' dir='ltr'>α’πό</span> <span class='ocrx_word' id='word_1_20' title='bbox 738 338 806 390; x_wconf 74' lang='grc' dir='ltr'>τῆς</span> <span class='ocrx_word' id='word_1_21' title='bbox 835 338 1050 391; x_wconf 64' lang='grc' dir='ltr'><em>Εὐρώπης,</em></span> <span class='ocrx_word' id='word_1_22' title='bbox 1081 339 1328 390; x_wconf 80' lang='grc' dir='ltr'>συνέμισγον</span> <span class='ocrx_word' id='word_1_23' title='bbox 1355 341 1426 380; x_wconf 81' lang='grc' dir='ltr'><strong><em>καί</em></strong></span> <span class='ocrx_word' id='word_1_24' title='bbox 1453 336 1635 391; x_wconf 76' lang='grc' dir='ltr'><em>ἐμάχον-</em></span> 
     </span>
     <span class='ocr_line' id='line_1_4' title="bbox 202 401 1636 456; baseline -0.002 -11"><span class='ocrx_word' id='word_1_25' title='bbox 202 420 262 445; x_wconf 89' lang='grc' dir='ltr'>το.</span> <span class='ocrx_word' id='word_1_26' title='bbox 289 406 375 456; x_wconf 87' lang='grc' dir='ltr'><em>μετ’</em></span> <span class='ocrx_word' id='word_1_27' title='bbox 407 405 460 443; x_wconf 83' lang='grc' dir='ltr'>ου’</span> <span class='ocrx_word' id='word_1_28' title='bbox 485 402 588 444; x_wconf 77' lang='grc' dir='ltr'><em>πολὺ</em></span> <span class='ocrx_word' id='word_1_29' title='bbox 620 403 666 443; x_wconf 82' lang='grc' dir='ltr'>δὲ</span> <span class='ocrx_word' id='word_1_30' title='bbox 694 401 891 455; x_wconf 79' lang='grc' dir='ltr'><em>ἐτράπετο</em></span> <span class='ocrx_word' id='word_1_31' title='bbox 919 401 965 443; x_wconf 85' lang='grc' dir='ltr'>τὸ</span> <span class='ocrx_word' id='word_1_32' title='bbox 1007 401 1085 442; x_wconf 86' lang='grc' dir='ltr'>α’πὸ</span> <span class='ocrx_word' id='word_1_33' title='bbox 1116 403 1186 455; x_wconf 82' lang='grc' dir='ltr'>τῆς</span> <span class='ocrx_word' id='word_1_34' title='bbox 1217 403 1357 451; x_wconf 80' lang='grc' dir='ltr'><em>Ἀσίας</em></span> <span class='ocrx_word' id='word_1_35' title='bbox 1383 401 1636 455; x_wconf 86' lang='grc' dir='ltr'><em>στράτευμα,</em></span> 
     </span>
     <span class='ocr_line' id='line_1_5' title="bbox 200 464 1637 522; baseline -0.002 -13"><span class='ocrx_word' id='word_1_36' title='bbox 200 472 273 509; x_wconf 86' lang='grc' dir='ltr'><em>καί</em></span> <span class='ocrx_word' id='word_1_37' title='bbox 317 465 482 522; x_wconf 76' lang='grc' dir='ltr'><em>ὥρμητο</em></span> <span class='ocrx_word' id='word_1_38' title='bbox 510 469 552 516; x_wconf 78' lang='grc' dir='ltr'>ἐς</span> <span class='ocrx_word' id='word_1_39' title='bbox 582 466 729 522; x_wconf 82' lang='grc' dir='ltr'><em>φυγήν.</em></span> <span class='ocrx_word' id='word_1_40' title='bbox 804 468 1030 520; x_wconf 82' lang='grc' dir='ltr'><em>Μεχμέτης</em></span> <span class='ocrx_word' id='word_1_41' title='bbox 1068 469 1145 517; x_wconf 81' lang='grc' dir='ltr'>μὲν</span> <span class='ocrx_word' id='word_1_42' title='bbox 1187 465 1238 518; x_wconf 72' lang='grc' dir='ltr'>δὴ</span> <span class='ocrx_word' id='word_1_43' title='bbox 1281 464 1300 506; x_wconf 85' lang='grc' dir='ltr'><em>ὃ</em></span> <span class='ocrx_word' id='word_1_44' title='bbox 1333 467 1526 520; x_wconf 83' lang='grc' dir='ltr'><em>χορδίνης</em></span> <span class='ocrx_word' id='word_1_45' title='bbox 1567 466 1637 506; x_wconf 72' lang='grc' dir='ltr'>ἐπὶ</span> 
     </span>
     <span class='ocr_line' id='line_1_6' title="bbox 202 529 1670 587; baseline -0.003 -12"><span class='ocrx_word' id='word_1_46' title='bbox 202 534 324 587; x_wconf 69' lang='grc' dir='ltr'><em>’Λλῆν</em></span> <span class='ocrx_word' id='word_1_47' title='bbox 366 534 620 586; x_wconf 82' lang='grc' dir='ltr'><em>Παιαζήτεω</em></span> <span class='ocrx_word' id='word_1_48' title='bbox 657 533 786 572; x_wconf 80' lang='grc' dir='ltr'><em>παῖδα</em></span> <span class='ocrx_word' id='word_1_49' title='bbox 833 534 875 579; x_wconf 81' lang='grc' dir='ltr'>ἐς</span> <span class='ocrx_word' id='word_1_50' title='bbox 923 533 1152 581; x_wconf 80' lang='grc' dir='ltr'><em>Βυζάντιον</em></span> <span class='ocrx_word' id='word_1_51' title='bbox 1203 529 1442 583; x_wconf 79' lang='grc' dir='ltr'><em>διεσώζετο,</em></span> <span class='ocrx_word' id='word_1_52' title='bbox 1481 529 1553 571; x_wconf 81' lang='grc' dir='ltr'>καί</span> <span class='ocrx_word' id='word_1_53' title='bbox 1586 530 1670 574; x_wconf 84' lang='grc' dir='ltr'>τά5</span> 
     </span>
     <span class='ocr_line' id='line_1_7' title="bbox 202 592 1637 653; baseline -0.003 -13"><span class='ocrx_word' id='word_1_54' title='bbox 202 599 489 653; x_wconf 80' lang='grc' dir='ltr'><em>στρατεύματα</em></span> <span class='ocrx_word' id='word_1_55' title='bbox 518 596 776 647; x_wconf 78' lang='grc' dir='ltr'><em>διεσώζοντο.</em></span> <span class='ocrx_word' id='word_1_56' title='bbox 809 598 1002 638; x_wconf 77' lang='grc' dir='ltr'><em>ἐντεῦθεν</em></span> <span class='ocrx_word' id='word_1_57' title='bbox 1025 592 1152 643; x_wconf 71' lang='grc' dir='ltr'><em>αὖθις</em></span> <span class='ocrx_word' id='word_1_58' title='bbox 1173 597 1243 637; x_wconf 83' lang='grc' dir='ltr'>ἐπί</span> <span class='ocrx_word' id='word_1_59' title='bbox 1269 595 1343 650; x_wconf 75' lang='grc' dir='ltr'>τὴν</span> <span class='ocrx_word' id='word_1_60' title='bbox 1369 598 1511 638; x_wconf 81' lang='grc' dir='ltr'><em>Ἀσίαν</em></span> <span class='ocrx_word' id='word_1_61' title='bbox 1542 596 1637 636; x_wconf 85' lang='grc' dir='ltr'><em>δια-</em></span> 
     </span>
     <span class='ocr_line' id='line_1_8' title="bbox 201 654 1638 717; baseline -0.003 -13"><span class='ocrx_word' id='word_1_62' title='bbox 201 661 333 716; x_wconf 80' lang='grc' dir='ltr'><em>βάντα</em></span> <span class='ocrx_word' id='word_1_63' title='bbox 363 660 670 717; x_wconf 81' lang='grc' dir='ltr'><em>ἑπερρώννυντό</em></span> <span class='ocrx_word' id='word_1_64' title='bbox 699 677 743 702; x_wconf 89' lang='grc' dir='ltr'>τε</span> <span class='ocrx_word' id='word_1_65' title='bbox 783 657 841 702; x_wconf 72' lang='grc' dir='ltr'>αὖ</span> <span class='ocrx_word' id='word_1_66' title='bbox 869 661 939 702; x_wconf 83' lang='grc' dir='ltr'>καί</span> <span class='ocrx_word' id='word_1_67' title='bbox 966 660 1292 713; x_wconf 82' lang='grc' dir='ltr'><em>α’νελαμβάνοντο</em></span> <span class='ocrx_word' id='word_1_68' title='bbox 1323 661 1446 715; x_wconf 79' lang='grc' dir='ltr'><em>σφᾶς,</em></span> <span class='ocrx_word' id='word_1_69' title='bbox 1476 659 1531 708; x_wconf 74' lang='grc' dir='ltr'>ὥς</span> <span class='ocrx_word' id='word_1_70' title='bbox 1561 654 1638 700; x_wconf 70' lang='grc' dir='ltr'>αὖ-</span> 
     </span>
     <span class='ocr_line' id='line_1_9' title="bbox 205 719 1636 782; baseline -0.003 -14"><span class='ocrx_word' id='word_1_71' title='bbox 205 731 274 775; x_wconf 82' lang='grc' dir='ltr'><em>θις</em></span> <span class='ocrx_word' id='word_1_72' title='bbox 303 726 484 774; x_wconf 79' lang='grc' dir='ltr'><em>ἐπιόντες</em></span> <span class='ocrx_word' id='word_1_73' title='bbox 523 727 595 767; x_wconf 87' lang='grc' dir='ltr'><em>καί</em></span> <span class='ocrx_word' id='word_1_74' title='bbox 623 726 964 779; x_wconf 79' lang='grc' dir='ltr'><em>οἷναμαχούμενοι</em></span> <span class='ocrx_word' id='word_1_75' title='bbox 1002 728 1058 782; x_wconf 70' lang='grc' dir='ltr'>τῷ</span> <span class='ocrx_word' id='word_1_76' title='bbox 1086 728 1245 766; x_wconf 83' lang='grc' dir='ltr'><em>Μωσεΐ</em></span> <span class='ocrx_word' id='word_1_77' title='bbox 1266 724 1363 778; x_wconf 74' lang='grc' dir='ltr'><em>περὶ</em></span> <span class='ocrx_word' id='word_1_78' title='bbox 1391 726 1471 766; x_wconf 71' lang='grc' dir='ltr'><em>ταῖν</em></span> <span class='ocrx_word' id='word_1_79' title='bbox 1499 719 1636 764; x_wconf 76' lang='grc' dir='ltr'><em>ἄλλων</em></span> 
     </span>
     <span class='ocr_line' id='line_1_10' title="bbox 205 788 1634 846; baseline -0.003 -13"><span class='ocrx_word' id='word_1_80' title='bbox 205 791 469 846; x_wconf 85' lang='grc' dir='ltr'><em>πραγμάτων.</em></span> <span class='ocrx_word' id='word_1_81' title='bbox 523 790 678 844; x_wconf 89' lang='grc' dir='ltr'><em>χρόνου</em></span> <span class='ocrx_word' id='word_1_82' title='bbox 709 792 754 832; x_wconf 80' lang='grc' dir='ltr'>δὲ</span> <span class='ocrx_word' id='word_1_83' title='bbox 785 792 833 831; x_wconf 80' lang='grc' dir='ltr'>ου’</span> <span class='ocrx_word' id='word_1_84' title='bbox 863 792 1019 831; x_wconf 78' lang='grc' dir='ltr'><em>πολλοῦ</em></span> <span class='ocrx_word' id='word_1_85' title='bbox 1057 788 1290 838; x_wconf 74' lang='grc' dir='ltr'><em>διελθόντος</em></span> <span class='ocrx_word' id='word_1_86' title='bbox 1316 791 1564 842; x_wconf 79' lang='grc' dir='ltr'><em>συναγείρας</em></span> <span class='ocrx_word' id='word_1_87' title='bbox 1590 788 1634 829; x_wconf 81' lang='grc' dir='ltr'>τὸ</span> 
     </span>
     <span class='ocr_line' id='line_1_11' title="bbox 204 851 1694 911; baseline -0.003 -13"><span class='ocrx_word' id='word_1_88' title='bbox 204 860 277 911; x_wconf 75' lang='grc' dir='ltr'>τῆς</span> <span class='ocrx_word' id='word_1_89' title='bbox 305 858 449 905; x_wconf 85' lang='grc' dir='ltr'><em>Ἀσίας</em></span> <span class='ocrx_word' id='word_1_90' title='bbox 485 854 721 910; x_wconf 84' lang='grc' dir='ltr'><em>στράτευμα</em></span> <span class='ocrx_word' id='word_1_91' title='bbox 761 854 1088 907; x_wconf 74' lang='grc' dir='ltr'><em>διεπορθμεύετο</em></span> <span class='ocrx_word' id='word_1_92' title='bbox 1127 853 1208 894; x_wconf 73' lang='grc' dir='ltr'>ὑπὸ</span> <span class='ocrx_word' id='word_1_93' title='bbox 1248 856 1328 894; x_wconf 75' lang='grc' dir='ltr'>τῶν</span> <span class='ocrx_word' id='word_1_94' title='bbox 1367 851 1568 905; x_wconf 82' lang='grc' dir='ltr'><em>Ἑλλήνων</em></span> <span class='ocrx_word' id='word_1_95' title='bbox 1596 854 1637 900; x_wconf 79' lang='grc' dir='ltr'>ἐς</span> <span class='ocrx_word' id='word_1_96' title='bbox 1652 859 1694 892; x_wconf 85' lang='grc'>10</span> 
     </span>
     <span class='ocr_line' id='line_1_12' title="bbox 204 916 1637 976; baseline -0.003 -14"><span class='ocrx_word' id='word_1_97' title='bbox 204 922 278 976; x_wconf 72' lang='grc' dir='ltr'>την</span> <span class='ocrx_word' id='word_1_98' title='bbox 305 921 522 974; x_wconf 71' lang='grc' dir='ltr'><em>Εὐρώπην.</em></span> <span class='ocrx_word' id='word_1_99' title='bbox 581 923 622 968; x_wconf 79' lang='grc' dir='ltr'>ἐς</span> <span class='ocrx_word' id='word_1_100' title='bbox 661 922 736 972; x_wconf 85' lang='grc' dir='ltr'>μὲν</span> <span class='ocrx_word' id='word_1_101' title='bbox 763 916 834 960; x_wconf 73' lang='grc' dir='ltr'>οὖν</span> <span class='ocrx_word' id='word_1_102' title='bbox 859 917 931 972; x_wconf 68' lang='grc' dir='ltr'>τὴν</span> <span class='ocrx_word' id='word_1_103' title='bbox 966 920 1112 960; x_wconf 82' lang='grc' dir='ltr'><em>Ἀσίαν</em></span> <span class='ocrx_word' id='word_1_104' title='bbox 1148 920 1341 972; x_wconf 73' lang='grc' dir='ltr'><em>διαβῆναι</em></span> <span class='ocrx_word' id='word_1_105' title='bbox 1370 917 1443 959; x_wconf 84' lang='grc' dir='ltr'>τὸν</span> <span class='ocrx_word' id='word_1_106' title='bbox 1473 918 1637 959; x_wconf 82' lang='grc' dir='ltr'><em>Μωσέα</em></span> 
     </span>
     <span class='ocr_line' id='line_1_13' title="bbox 205 981 1639 1039; baseline -0.003 -12"><span class='ocrx_word' id='word_1_107' title='bbox 205 985 428 1027; x_wconf 76' lang='grc' dir='ltr'><em>διεκώλυον</em></span> <span class='ocrx_word' id='word_1_108' title='bbox 447 983 646 1039; x_wconf 80' lang='grc' dir='ltr'><em>Ἕλληνες,</em></span> <span class='ocrx_word' id='word_1_109' title='bbox 676 986 767 1026; x_wconf 69' lang='grc' dir='ltr'><em>ἐπεὶ</em></span> <span class='ocrx_word' id='word_1_110' title='bbox 780 985 1029 1037; x_wconf 80' lang='grc' dir='ltr'><em>ἐπεκράτουν</em></span> <span class='ocrx_word' id='word_1_111' title='bbox 1056 984 1128 1038; x_wconf 74' lang='grc' dir='ltr'><em>τήν</em></span> <span class='ocrx_word' id='word_1_112' title='bbox 1154 986 1227 1037; x_wconf 82' lang='grc' dir='ltr'>τῆς</span> <span class='ocrx_word' id='word_1_113' title='bbox 1253 984 1460 1037; x_wconf 78' lang='grc' dir='ltr'><em>θαλάττης</em></span> <span class='ocrx_word' id='word_1_114' title='bbox 1490 981 1639 1035; x_wconf 82' lang='grc' dir='ltr'><em>διάβα·</em></span> 
     </span>
     <span class='ocr_line' id='line_1_14' title="bbox 165 1047 1639 1107; baseline -0.005 -13"><span class='ocrx_word' id='word_1_115' title='bbox 165 1062 281 1107; x_wconf 57' lang='lat' dir='ltr'>Con»,</span> <span class='ocrx_word' id='word_1_116' title='bbox 311 1054 381 1093; x_wconf 80' lang='grc' dir='ltr'>καί</span> <span class='ocrx_word' id='word_1_117' title='bbox 408 1049 479 1092; x_wconf 89' lang='grc' dir='ltr'>τόν</span> <span class='ocrx_word' id='word_1_118' title='bbox 508 1066 552 1092; x_wconf 89' lang='grc' dir='ltr'>τε</span> <span class='ocrx_word' id='word_1_119' title='bbox 574 1050 864 1104; x_wconf 75' lang='grc' dir='ltr'><em>Ἑλλήσποντον</em></span> <span class='ocrx_word' id='word_1_120' title='bbox 895 1048 1118 1103; x_wconf 78' lang='grc' dir='ltr'><em>ἐπετήρουν</em></span> <span class='ocrx_word' id='word_1_121' title='bbox 1147 1048 1276 1090; x_wconf 71' lang='lat' dir='ltr'>ualui</span> <span class='ocrx_word' id='word_1_122' title='bbox 1310 1047 1353 1089; x_wconf 76' lang='grc' dir='ltr'><em>ἐν</em></span> <span class='ocrx_word' id='word_1_123' title='bbox 1379 1047 1639 1102; x_wconf 77' lang='grc' dir='ltr'><em>Προποντίδι</em></span> 
     </span>
     <span class='ocr_line' id='line_1_15' title="bbox 203 1109 1637 1170; baseline -0.005 -12"><span class='ocrx_word' id='word_1_124' title='bbox 203 1116 324 1170; x_wconf 84' lang='grc' dir='ltr'><em>ἱερόν.</em></span> <span class='ocrx_word' id='word_1_125' title='bbox 383 1118 609 1168; x_wconf 71' lang='grc' dir='ltr'><em>ῙΙἸεχμέτης</em></span> <span class='ocrx_word' id='word_1_126' title='bbox 633 1117 711 1167; x_wconf 80' lang='grc' dir='ltr'>μὲν</span> <span class='ocrx_word' id='word_1_127' title='bbox 738 1109 823 1168; x_wconf 72' lang='grc' dir='ltr'><em>οὖν,</em></span> <span class='ocrx_word' id='word_1_128' title='bbox 855 1114 908 1163; x_wconf 73' lang='grc' dir='ltr'>ὥς</span> <span class='ocrx_word' id='word_1_129' title='bbox 941 1116 981 1162; x_wconf 79' lang='grc' dir='ltr'>ἐς</span> <span class='ocrx_word' id='word_1_130' title='bbox 1022 1113 1095 1167; x_wconf 75' lang='grc' dir='ltr'>τὴν</span> <span class='ocrx_word' id='word_1_131' title='bbox 1125 1112 1268 1156; x_wconf 86' lang='grc' dir='ltr'><em>Ἀσίαν</em></span> <span class='ocrx_word' id='word_1_132' title='bbox 1300 1115 1416 1167; x_wconf 83' lang='grc' dir='ltr'><em>διέβη</em></span> <span class='ocrx_word' id='word_1_133' title='bbox 1445 1113 1556 1168; x_wconf 71' lang='grc' dir='ltr'><em>αδτῷ</em></span> <span class='ocrx_word' id='word_1_134' title='bbox 1585 1109 1637 1152; x_wconf 79' lang='grc' dir='ltr'>τὰ</span> 
     </span>
     <span class='ocr_line' id='line_1_16' title="bbox 206 1177 1696 1235; baseline -0.004 -12"><span class='ocrx_word' id='word_1_135' title='bbox 206 1180 524 1235; x_wconf 80' lang='grc' dir='ltr'><em>στρατεύματα,</em></span> <span class='ocrx_word' id='word_1_136' title='bbox 561 1180 642 1222; x_wconf 84' lang='grc' dir='ltr'><em>ἴετο</em></span> <span class='ocrx_word' id='word_1_137' title='bbox 672 1178 778 1220; x_wconf 74' lang='grc' dir='ltr'><em>εὐθὺ</em></span> <span class='ocrx_word' id='word_1_138' title='bbox 814 1180 1053 1232; x_wconf 76' lang='grc' dir='ltr'><em>Τριβαλλῶν</em></span> <span class='ocrx_word' id='word_1_139' title='bbox 1092 1179 1148 1225; x_wconf 74' lang='grc' dir='ltr'>ὥς</span> <span class='ocrx_word' id='word_1_140' title='bbox 1174 1178 1245 1232; x_wconf 79' lang='grc' dir='ltr'>τὴν</span> <span class='ocrx_word' id='word_1_141' title='bbox 1276 1178 1454 1229; x_wconf 83' lang='grc' dir='ltr'><em>δύναμιν</em></span> <span class='ocrx_word' id='word_1_142' title='bbox 1477 1178 1640 1218; x_wconf 79' lang='grc' dir='ltr'><em>ἐκείνων</em></span> <span class='ocrx_word' id='word_1_143' title='bbox 1654 1177 1696 1210; x_wconf 84' lang='lat'>15</span> 
     </span>
     <span class='ocr_line' id='line_1_17' title="bbox 208 1239 1642 1299; baseline -0.004 -12"><span class='ocrx_word' id='word_1_144' title='bbox 208 1248 548 1299; x_wconf 83' lang='grc' dir='ltr'><em>προσληψόμενος</em></span> <span class='ocrx_word' id='word_1_145' title='bbox 586 1243 813 1297; x_wconf 76' lang='grc' dir='ltr'><em>ἀξιόχρεων</em></span> <span class='ocrx_word' id='word_1_146' title='bbox 857 1239 996 1284; x_wconf 77' lang='grc' dir='ltr'><em>οὖσαν.</em></span> <span class='ocrx_word' id='word_1_147' title='bbox 1064 1243 1119 1290; x_wconf 76' lang='grc' dir='ltr'>ὥς</span> <span class='ocrx_word' id='word_1_148' title='bbox 1147 1244 1192 1284; x_wconf 80' lang='grc' dir='ltr'>δὲ</span> <span class='ocrx_word' id='word_1_149' title='bbox 1220 1244 1408 1296; x_wconf 79' lang='grc' dir='ltr'><em>ἠπείγετο</em></span> <span class='ocrx_word' id='word_1_150' title='bbox 1437 1242 1642 1293; x_wconf 78' lang='grc' dir='ltr'><em>συμμῖξαι</em></span> 
     </span>
     <span class='ocr_line' id='line_1_18' title="bbox 98 1305 1642 1364; baseline -0.006 -8"><span class='ocrx_word' id='word_1_151' title='bbox 98 1322 137 1356; x_wconf 90' lang='lat' dir='ltr'>V.</span> <span class='ocrx_word' id='word_1_152' title='bbox 154 1321 197 1355; x_wconf 83' lang='lat'>76</span> <span class='ocrx_word' id='word_1_153' title='bbox 215 1313 400 1364; x_wconf 72' lang='grc' dir='ltr'><em>ΙΠωσῆς,</em></span> <span class='ocrx_word' id='word_1_154' title='bbox 431 1309 486 1358; x_wconf 81' lang='grc' dir='ltr'>ώς</span> <span class='ocrx_word' id='word_1_155' title='bbox 524 1312 681 1362; x_wconf 81' lang='grc' dir='ltr'><em>ἐγένετο</em></span> <span class='ocrx_word' id='word_1_156' title='bbox 726 1311 768 1349; x_wconf 82' lang='grc' dir='ltr'><em>ἐν</em></span> <span class='ocrx_word' id='word_1_157' title='bbox 810 1312 976 1349; x_wconf 85' lang='grc' dir='ltr'><em>Πανίου</em></span> <span class='ocrx_word' id='word_1_158' title='bbox 1015 1307 1134 1363; x_wconf 72' lang='grc' dir='ltr'><em>χώρᾳ</em></span> <span class='ocrx_word' id='word_1_159' title='bbox 1172 1305 1281 1348; x_wconf 74' lang='grc' dir='ltr'><em>οὕτω</em></span> <span class='ocrx_word' id='word_1_160' title='bbox 1320 1309 1552 1362; x_wconf 82' lang='grc' dir='ltr'><em>καλουμένῃ</em></span> <span class='ocrx_word' id='word_1_161' title='bbox 1592 1306 1642 1361; x_wconf 83' lang='grc' dir='ltr'>τῇ</span> 
     </span>
     <span class='ocr_line' id='line_1_19' title="bbox 135 1370 1642 1430; baseline -0.005 -13"><span class='ocrx_word' id='word_1_162' title='bbox 135 1383 139 1386; x_wconf 85' lang='grc'><strong>’</strong></span> <span class='ocrx_word' id='word_1_163' title='bbox 211 1377 313 1428; x_wconf 76' lang='grc' dir='ltr'><em>ὑπὲρ</em></span> <span class='ocrx_word' id='word_1_164' title='bbox 365 1376 437 1416; x_wconf 84' lang='grc' dir='ltr'>τὸν</span> <span class='ocrx_word' id='word_1_165' title='bbox 475 1370 616 1426; x_wconf 79' lang='grc' dir='ltr'><em>Αἷμον</em></span> <span class='ocrx_word' id='word_1_166' title='bbox 651 1372 796 1430; x_wconf 74' lang='grc' dir='ltr'><em>χώρᾳ,</em></span> <span class='ocrx_word' id='word_1_167' title='bbox 840 1370 1022 1414; x_wconf 76' lang='grc' dir='ltr'><em>ἐνταῦθα</em></span> <span class='ocrx_word' id='word_1_168' title='bbox 1054 1372 1359 1425; x_wconf 79' lang='grc' dir='ltr'><em>καταλαμβάνει</em></span> <span class='ocrx_word' id='word_1_169' title='bbox 1390 1371 1642 1424; x_wconf 79' lang='grc' dir='ltr'><em>ἐπίπροσθεν</em></span> 
     </span>
     <span class='ocr_line' id='line_1_20' title="bbox 210 1432 1642 1493; baseline -0.003 -13"><span class='ocrx_word' id='word_1_170' title='bbox 210 1441 426 1493; x_wconf 86' lang='grc' dir='ltr'><em>γενόμενος</em></span> <span class='ocrx_word' id='word_1_171' title='bbox 468 1438 535 1480; x_wconf 81' lang='grc' dir='ltr'><em>διὰ</em></span> <span class='ocrx_word' id='word_1_172' title='bbox 577 1441 653 1480; x_wconf 80' lang='grc' dir='ltr'>τοῦ</span> <span class='ocrx_word' id='word_1_173' title='bbox 692 1433 811 1491; x_wconf 73' lang='grc' dir='ltr'><em>ὅρους</em></span> <span class='ocrx_word' id='word_1_174' title='bbox 849 1436 868 1478; x_wconf 85' lang='grc' dir='ltr'><em>ὃ</em></span> <span class='ocrx_word' id='word_1_175' title='bbox 906 1440 1068 1491; x_wconf 72' lang='grc' dir='ltr'><em>Μωσῆς</em></span> <span class='ocrx_word' id='word_1_176' title='bbox 1111 1440 1183 1478; x_wconf 83' lang='grc' dir='ltr'>τοῦ</span> <span class='ocrx_word' id='word_1_177' title='bbox 1220 1438 1420 1492; x_wconf 68' lang='grc' dir='ltr'><em>α’δελφοῦ.</em></span> <span class='ocrx_word' id='word_1_178' title='bbox 1485 1437 1556 1476; x_wconf 88' lang='grc' dir='ltr'><em>καί</em></span> <span class='ocrx_word' id='word_1_179' title='bbox 1585 1432 1642 1482; x_wconf 72' lang='grc' dir='ltr'>ὥς</span> 
     </span>
     <span class='ocr_line' id='line_1_21' title="bbox 211 1498 1697 1559; baseline -0.003 -14"><span class='ocrx_word' id='word_1_180' title='bbox 211 1502 364 1559; x_wconf 71' lang='grc' dir='ltr'><em>ᾔσθετο</em></span> <span class='ocrx_word' id='word_1_181' title='bbox 393 1503 558 1545; x_wconf 81' lang='grc' dir='ltr'><em>ἐπιόντα</em></span> <span class='ocrx_word' id='word_1_182' title='bbox 599 1502 668 1544; x_wconf 81' lang='grc' dir='ltr'>τὸν</span> <span class='ocrx_word' id='word_1_183' title='bbox 704 1504 888 1557; x_wconf 82' lang='grc' dir='ltr'><em>οἶδελφὸν</em></span> <span class='ocrx_word' id='word_1_184' title='bbox 917 1501 1125 1556; x_wconf 76' lang='grc' dir='ltr'><em>ἐγγυτάτω</em></span> <span class='ocrx_word' id='word_1_185' title='bbox 1155 1501 1192 1542; x_wconf 81' lang='grc' dir='ltr'>οἱ</span> <span class='ocrx_word' id='word_1_186' title='bbox 1220 1504 1427 1554; x_wconf 87' lang='grc' dir='ltr'><em>γενέσθαι,</em></span> <span class='ocrx_word' id='word_1_187' title='bbox 1456 1498 1638 1554; x_wconf 80' lang='grc' dir='ltr'><em>παρετά-</em></span> <span class='ocrx_word' id='word_1_188' title='bbox 1652 1499 1697 1535; x_wconf 84' lang='lat'>20</span> 
     </span>
     <span class='ocr_line' id='line_1_22' title="bbox 212 1564 1643 1622; baseline -0.004 -12"><span class='ocrx_word' id='word_1_189' title='bbox 212 1570 311 1620; x_wconf 82' lang='grc' dir='ltr'><em>ξατό</em></span> <span class='ocrx_word' id='word_1_190' title='bbox 341 1585 384 1610; x_wconf 86' lang='grc' dir='ltr'>τε</span> <span class='ocrx_word' id='word_1_191' title='bbox 415 1571 484 1610; x_wconf 82' lang='grc' dir='ltr'><strong><em>καί</em></strong></span> <span class='ocrx_word' id='word_1_192' title='bbox 515 1570 572 1617; x_wconf 84' lang='grc' dir='ltr'>εἰς</span> <span class='ocrx_word' id='word_1_193' title='bbox 600 1570 739 1622; x_wconf 73' lang='grc' dir='ltr'><em>μάχην</em></span> <span class='ocrx_word' id='word_1_194' title='bbox 769 1570 957 1621; x_wconf 83' lang='grc' dir='ltr'><em>καθίστη.</em></span> <span class='ocrx_word' id='word_1_195' title='bbox 1028 1570 1117 1618; x_wconf 88' lang='grc' dir='ltr'><em>μετ’</em></span> <span class='ocrx_word' id='word_1_196' title='bbox 1148 1568 1196 1607; x_wconf 77' lang='grc' dir='ltr'>οὐ</span> <span class='ocrx_word' id='word_1_197' title='bbox 1224 1567 1324 1607; x_wconf 77' lang='grc' dir='ltr'><em>πολύ</em></span> <span class='ocrx_word' id='word_1_198' title='bbox 1357 1568 1402 1607; x_wconf 84' lang='grc' dir='ltr'>δὲ</span> <span class='ocrx_word' id='word_1_199' title='bbox 1432 1564 1643 1620; x_wconf 76' lang='grc' dir='ltr'><em>ἐτράπετο,</em></span> 
     </span>
     <span class='ocr_line' id='line_1_23' title="bbox 214 1628 1642 1690; baseline -0.002 -15"><span class='ocrx_word' id='word_1_200' title='bbox 214 1637 285 1675; x_wconf 76' lang='grc' dir='ltr'>καί</span> <span class='ocrx_word' id='word_1_201' title='bbox 314 1634 477 1689; x_wconf 74' lang='grc' dir='ltr'><em>φεύγων</em></span> <span class='ocrx_word' id='word_1_202' title='bbox 504 1628 635 1690; x_wconf 68' lang='grc' dir='ltr'><em>ᾤχετο</em></span> <span class='ocrx_word' id='word_1_203' title='bbox 665 1635 735 1674; x_wconf 81' lang='grc' dir='ltr'>ε’πί</span> <span class='ocrx_word' id='word_1_204' title='bbox 760 1636 838 1674; x_wconf 77' lang='grc' dir='ltr'>τῶν</span> <span class='ocrx_word' id='word_1_205' title='bbox 875 1633 1115 1685; x_wconf 77' lang='grc' dir='ltr'><em>Τριβαλλῶν</em></span> <span class='ocrx_word' id='word_1_206' title='bbox 1153 1629 1346 1685; x_wconf 78' lang='grc' dir='ltr'><em>ἡγεμόνα.</em></span> <span class='ocrx_word' id='word_1_207' title='bbox 1403 1631 1475 1673; x_wconf 81' lang='grc' dir='ltr'><strong><em>καί</em></strong></span> <span class='ocrx_word' id='word_1_208' title='bbox 1500 1629 1642 1685; x_wconf 70' lang='grc' dir='ltr'><em>ἐπειδὴ</em></span> 
     </span>
    </p>
   </div>
   <div class='ocr_carea' id='block_1_3' title="bbox 217 1812 1655 2738">
    <p class='ocr_par' dir='ltr' id='par_1_3' title="bbox 217 1812 1655 2738">
     <span class='ocr_line' id='line_1_24' title="bbox 217 1812 1643 1862; baseline -0.004 -13"><span class='ocrx_word' id='word_1_209' title='bbox 217 1829 284 1862; x_wconf 88' lang='lat' dir='ltr'>que</span> <span class='ocrx_word' id='word_1_210' title='bbox 313 1817 537 1861; x_wconf 76' lang='lat' dir='ltr'>explicabat,</span> <span class='ocrx_word' id='word_1_211' title='bbox 563 1822 598 1849; x_wconf 88' lang='lat' dir='ltr'>et</span> <span class='ocrx_word' id='word_1_212' title='bbox 627 1818 797 1848; x_wconf 78' lang='lat' dir='ltr'>instructo</span> <span class='ocrx_word' id='word_1_213' title='bbox 825 1817 962 1857; x_wconf 80' lang='lat' dir='ltr'>agmine</span> <span class='ocrx_word' id='word_1_214' title='bbox 991 1815 1204 1847; x_wconf 76' lang='lat' dir='ltr'>Meclnmetes</span> <span class='ocrx_word' id='word_1_215' title='bbox 1240 1821 1359 1847; x_wconf 84' lang='lat' dir='ltr'>contra</span> <span class='ocrx_word' id='word_1_216' title='bbox 1387 1814 1530 1847; x_wconf 83' lang='lat' dir='ltr'>fratrem</span> <span class='ocrx_word' id='word_1_217' title='bbox 1556 1812 1643 1845; x_wconf 76' lang='lat' dir='ltr'>ibat.</span> 
     </span>
     <span class='ocr_line' id='line_1_25' title="bbox 218 1859 1646 1906; baseline -0.003 -11"><span class='ocrx_word' id='word_1_218' title='bbox 218 1875 294 1896; x_wconf 90' lang='lat' dir='ltr'>cum</span> <span class='ocrx_word' id='word_1_219' title='bbox 324 1869 440 1895; x_wconf 86' lang='lat' dir='ltr'>autem</span> <span class='ocrx_word' id='word_1_220' title='bbox 465 1865 501 1895; x_wconf 90' lang='lat' dir='ltr'>in</span> <span class='ocrx_word' id='word_1_221' title='bbox 520 1869 745 1906; x_wconf 84' lang='lat' dir='ltr'>conspectum</span> <span class='ocrx_word' id='word_1_222' title='bbox 765 1863 919 1894; x_wconf 83' lang='lat' dir='ltr'>venisset</span> <span class='ocrx_word' id='word_1_223' title='bbox 946 1867 1093 1906; x_wconf 66' lang='lat' dir='ltr'>uterque</span> <span class='ocrx_word' id='word_1_224' title='bbox 1119 1863 1303 1900; x_wconf 86' lang='lat' dir='ltr'>exercitus,</span> <span class='ocrx_word' id='word_1_225' title='bbox 1329 1861 1386 1893; x_wconf 88' lang='lat' dir='ltr'>hic</span> <span class='ocrx_word' id='word_1_226' title='bbox 1413 1859 1556 1904; x_wconf 89' lang='lat' dir='ltr'>quidem</span> <span class='ocrx_word' id='word_1_227' title='bbox 1583 1869 1646 1903; x_wconf 84' lang='lat' dir='ltr'>per</span> 
     </span>
     <span class='ocr_line' id='line_1_26' title="bbox 218 1907 1643 1951; baseline -0.004 -8"><span class='ocrx_word' id='word_1_228' title='bbox 218 1911 335 1943; x_wconf 84' lang='lat' dir='ltr'>Asiam</span> <span class='ocrx_word' id='word_1_229' title='bbox 363 1910 431 1941; x_wconf 78' lang='lat' dir='ltr'>iter</span> <span class='ocrx_word' id='word_1_230' title='bbox 457 1910 604 1942; x_wconf 72' lang='lat' dir='ltr'>metiens</span> <span class='ocrx_word' id='word_1_231' title='bbox 622 1934 631 1947; x_wconf 94' lang='lat'>‚</span> <span class='ocrx_word' id='word_1_232' title='bbox 660 1909 749 1940; x_wconf 86' lang='lat' dir='ltr'>alter</span> <span class='ocrx_word' id='word_1_233' title='bbox 778 1920 820 1940; x_wconf 80' lang='lat' dir='ltr'>ex</span> <span class='ocrx_word' id='word_1_234' title='bbox 844 1909 981 1951; x_wconf 83' lang='lat' dir='ltr'>Europa</span> <span class='ocrx_word' id='word_1_235' title='bbox 1008 1909 1218 1946; x_wconf 71' lang='lat' dir='ltr'>adveniens,</span> <span class='ocrx_word' id='word_1_236' title='bbox 1246 1908 1384 1940; x_wconf 80' lang='lat' dir='ltr'>collatis</span> <span class='ocrx_word' id='word_1_237' title='bbox 1407 1907 1515 1950; x_wconf 82' lang='lat' dir='ltr'>signis</span> <span class='ocrx_word' id='word_1_238' title='bbox 1539 1916 1643 1950; x_wconf 80' lang='lat' dir='ltr'>prae-</span> 
     </span>
     <span class='ocr_line' id='line_1_27' title="bbox 219 1951 1645 1996; baseline -0.003 -8"><span class='ocrx_word' id='word_1_239' title='bbox 219 1958 304 1988; x_wconf 90' lang='lat' dir='ltr'>lium</span> <span class='ocrx_word' id='word_1_240' title='bbox 331 1956 481 1987; x_wconf 82' lang='lat' dir='ltr'>inibant.</span> <span class='ocrx_word' id='word_1_241' title='bbox 542 1956 713 1987; x_wconf 77' lang='lat' dir='ltr'>exercitus</span> <span class='ocrx_word' id='word_1_242' title='bbox 750 1955 897 1986; x_wconf 82' lang='lat' dir='ltr'>Asianus</span> <span class='ocrx_word' id='word_1_243' title='bbox 922 1953 1016 1986; x_wconf 82' lang='lat' dir='ltr'>haud</span> <span class='ocrx_word' id='word_1_244' title='bbox 1044 1953 1104 1986; x_wconf 89' lang='lat' dir='ltr'>diu</span> <span class='ocrx_word' id='word_1_245' title='bbox 1141 1955 1261 1993; x_wconf 84' lang='lat' dir='ltr'>stetit,</span> <span class='ocrx_word' id='word_1_246' title='bbox 1290 1965 1408 1986; x_wconf 87' lang='lat' dir='ltr'>verum</span> <span class='ocrx_word' id='word_1_247' title='bbox 1435 1960 1530 1996; x_wconf 75' lang='lat' dir='ltr'>terga</span> <span class='ocrx_word' id='word_1_248' title='bbox 1557 1951 1645 1984; x_wconf 79' lang='lat' dir='ltr'>dans</span> 
     </span>
     <span class='ocr_line' id='line_1_28' title="bbox 221 1998 1646 2045; baseline -0.003 -11"><span class='ocrx_word' id='word_1_249' title='bbox 221 2002 398 2045; x_wconf 79' lang='lat' dir='ltr'>fugiebat3</span> <span class='ocrx_word' id='word_1_250' title='bbox 444 2000 537 2034; x_wconf 84' lang='lat' dir='ltr'>unde</span> <span class='ocrx_word' id='word_1_251' title='bbox 578 2007 614 2033; x_wconf 86' lang='lat' dir='ltr'>et</span> <span class='ocrx_word' id='word_1_252' title='bbox 638 2001 815 2032; x_wconf 87' lang='lat' dir='ltr'>Mechmet</span> <span class='ocrx_word' id='word_1_253' title='bbox 850 2001 964 2043; x_wconf 84' lang='lat' dir='ltr'>palam</span> <span class='ocrx_word' id='word_1_254' title='bbox 990 2011 1026 2031; x_wconf 89' lang='lat' dir='ltr'>se</span> <span class='ocrx_word' id='word_1_255' title='bbox 1050 2000 1210 2043; x_wconf 82' lang='lat' dir='ltr'>proripit.</span> <span class='ocrx_word' id='word_1_256' title='bbox 1261 1999 1382 2031; x_wconf 83' lang='lat' dir='ltr'>fidium</span> <span class='ocrx_word' id='word_1_257' title='bbox 1406 2011 1488 2031; x_wconf 86' lang='lat' dir='ltr'>vero</span> <span class='ocrx_word' id='word_1_258' title='bbox 1513 1998 1646 2042; x_wconf 83' lang='lat' dir='ltr'>opifex,</span> 
     </span>
     <span class='ocr_line' id='line_1_29' title="bbox 222 2044 1646 2090; baseline -0.004 -9"><span class='ocrx_word' id='word_1_259' title='bbox 222 2051 411 2082; x_wconf 74' lang='lat' dir='ltr'>instructor</span> <span class='ocrx_word' id='word_1_260' title='bbox 437 2044 471 2080; x_wconf 87' lang='lat' dir='ltr'>et</span> <span class='ocrx_word' id='word_1_261' title='bbox 495 2048 658 2090; x_wconf 72' lang='lat' dir='ltr'>magister</span> <span class='ocrx_word' id='word_1_262' title='bbox 685 2048 773 2086; x_wconf 86' lang='lat' dir='ltr'>eius,</span> <span class='ocrx_word' id='word_1_263' title='bbox 798 2047 913 2078; x_wconf 80' lang='lat' dir='ltr'>Halim</span> <span class='ocrx_word' id='word_1_264' title='bbox 942 2046 1102 2078; x_wconf 79' lang='lat' dir='ltr'>Paiazitis</span> <span class='ocrx_word' id='word_1_265' title='bbox 1135 2057 1279 2090; x_wconf 88' lang='lat' dir='ltr'>quoque</span> <span class='ocrx_word' id='word_1_266' title='bbox 1307 2046 1418 2078; x_wconf 80' lang='lat' dir='ltr'>filium</span> <span class='ocrx_word' id='word_1_267' title='bbox 1444 2045 1646 2088; x_wconf 84' lang='lat' dir='ltr'>Byzantium</span> 
     </span>
     <span class='ocr_line' id='line_1_30' title="bbox 221 2089 1645 2136; baseline -0.004 -9"><span class='ocrx_word' id='word_1_268' title='bbox 221 2095 431 2127; x_wconf 83' lang='lat' dir='ltr'>incolumem</span> <span class='ocrx_word' id='word_1_269' title='bbox 457 2093 666 2133; x_wconf 76' lang='lat' dir='ltr'>deduxerat3</span> <span class='ocrx_word' id='word_1_270' title='bbox 701 2092 745 2124; x_wconf 81' lang='lat' dir='ltr'>ad</span> <span class='ocrx_word' id='word_1_271' title='bbox 780 2103 885 2136; x_wconf 80' lang='lat' dir='ltr'>quem</span> <span class='ocrx_word' id='word_1_272' title='bbox 912 2092 1089 2124; x_wconf 83' lang='lat' dir='ltr'>Mechmet</span> <span class='ocrx_word' id='word_1_273' title='bbox 1128 2091 1263 2134; x_wconf 81' lang='lat' dir='ltr'>fugiens</span> <span class='ocrx_word' id='word_1_274' title='bbox 1303 2092 1352 2123; x_wconf 89' lang='lat' dir='ltr'>ibi</span> <span class='ocrx_word' id='word_1_275' title='bbox 1383 2102 1460 2124; x_wconf 89' lang='lat' dir='ltr'>cum</span> <span class='ocrx_word' id='word_1_276' title='bbox 1490 2089 1645 2123; x_wconf 82' lang='lat' dir='ltr'>exercitu</span> 
     </span>
     <span class='ocr_line' id='line_1_31' title="bbox 221 2136 1646 2182; baseline -0.004 -9"><span class='ocrx_word' id='word_1_277' title='bbox 221 2142 265 2174; x_wconf 84' lang='lat' dir='ltr'>ab</span> <span class='ocrx_word' id='word_1_278' title='bbox 294 2140 402 2172; x_wconf 83' lang='lat' dir='ltr'>caede</span> <span class='ocrx_word' id='word_1_279' title='bbox 443 2145 598 2172; x_wconf 79' lang='lat' dir='ltr'>servatus</span> <span class='ocrx_word' id='word_1_280' title='bbox 631 2144 694 2171; x_wconf 89' lang='lat' dir='ltr'>est.</span> <span class='ocrx_word' id='word_1_281' title='bbox 753 2139 834 2170; x_wconf 84' lang='lat' dir='ltr'>hinc</span> <span class='ocrx_word' id='word_1_282' title='bbox 867 2138 1017 2182; x_wconf 81' lang='lat' dir='ltr'>receptis</span> <span class='ocrx_word' id='word_1_283' title='bbox 1043 2138 1166 2170; x_wconf 84' lang='lat' dir='ltr'>animis</span> <span class='ocrx_word' id='word_1_284' title='bbox 1195 2137 1312 2170; x_wconf 87' lang='lat' dir='ltr'>denuo</span> <span class='ocrx_word' id='word_1_285' title='bbox 1340 2137 1378 2169; x_wconf 85' lang='lat' dir='ltr'>in</span> <span class='ocrx_word' id='word_1_286' title='bbox 1401 2137 1515 2170; x_wconf 85' lang='lat' dir='ltr'>Asiam</span> <span class='ocrx_word' id='word_1_287' title='bbox 1546 2136 1646 2168; x_wconf 80' lang='lat' dir='ltr'>traii-</span> 
     </span>
     <span class='ocr_line' id='line_1_32' title="bbox 222 2182 1646 2229; baseline -0.004 -10"><span class='ocrx_word' id='word_1_288' title='bbox 222 2199 300 2219; x_wconf 87' lang='lat' dir='ltr'>cere</span> <span class='ocrx_word' id='word_1_289' title='bbox 329 2187 548 2226; x_wconf 80' lang='lat' dir='ltr'>decernunt,</span> <span class='ocrx_word' id='word_1_290' title='bbox 586 2186 771 2229; x_wconf 83' lang='lat' dir='ltr'>pugnaturi</span> <span class='ocrx_word' id='word_1_291' title='bbox 809 2196 886 2216; x_wconf 85' lang='lat' dir='ltr'>cum</span> <span class='ocrx_word' id='word_1_292' title='bbox 914 2185 1013 2216; x_wconf 85' lang='lat' dir='ltr'>Mose</span> <span class='ocrx_word' id='word_1_293' title='bbox 1038 2189 1183 2228; x_wconf 82' lang='lat' dir='ltr'>propter</span> <span class='ocrx_word' id='word_1_294' title='bbox 1215 2183 1302 2215; x_wconf 78' lang='lat' dir='ltr'>alias</span> <span class='ocrx_word' id='word_1_295' title='bbox 1333 2194 1396 2215; x_wconf 85' lang='lat' dir='ltr'>res.</span> <span class='ocrx_word' id='word_1_296' title='bbox 1443 2193 1510 2215; x_wconf 89' lang='lat' dir='ltr'>nec</span> <span class='ocrx_word' id='word_1_297' title='bbox 1534 2182 1646 2215; x_wconf 85' lang='lat' dir='ltr'>multo</span> 
     </span>
     <span class='ocr_line' id='line_1_33' title="bbox 221 2229 1649 2278; baseline -0.004 -12"><span class='ocrx_word' id='word_1_298' title='bbox 221 2240 380 2278; x_wconf 84' lang='lat' dir='ltr'>tempore</span> <span class='ocrx_word' id='word_1_299' title='bbox 408 2233 591 2264; x_wconf 78' lang='lat' dir='ltr'>interiecto</span> <span class='ocrx_word' id='word_1_300' title='bbox 619 2232 853 2274; x_wconf 85' lang='lat' dir='ltr'>conscriptum</span> <span class='ocrx_word' id='word_1_301' title='bbox 876 2231 1039 2262; x_wconf 79' lang='lat' dir='ltr'>Asianum</span> <span class='ocrx_word' id='word_1_302' title='bbox 1057 2230 1246 2261; x_wconf 78' lang='lat' dir='ltr'>exercitum</span> <span class='ocrx_word' id='word_1_303' title='bbox 1266 2229 1388 2262; x_wconf 88' lang='lat' dir='ltr'>Graeci</span> <span class='ocrx_word' id='word_1_304' title='bbox 1417 2229 1454 2261; x_wconf 86' lang='lat' dir='ltr'>in</span> <span class='ocrx_word' id='word_1_305' title='bbox 1473 2229 1649 2273; x_wconf 80' lang='lat' dir='ltr'>Europam</span> 
     </span>
     <span class='ocr_line' id='line_1_34' title="bbox 222 2275 1649 2323; baseline -0.004 -11"><span class='ocrx_word' id='word_1_306' title='bbox 222 2278 520 2323; x_wconf 81' lang='lat' dir='ltr'>transportabant.</span> <span class='ocrx_word' id='word_1_307' title='bbox 579 2278 702 2309; x_wconf 83' lang='lat' dir='ltr'>Mosen</span> <span class='ocrx_word' id='word_1_308' title='bbox 739 2277 776 2309; x_wconf 89' lang='lat' dir='ltr'>in</span> <span class='ocrx_word' id='word_1_309' title='bbox 804 2277 918 2309; x_wconf 81' lang='lat' dir='ltr'>Asiam</span> <span class='ocrx_word' id='word_1_310' title='bbox 957 2275 1153 2318; x_wconf 81' lang='lat' dir='ltr'>transgredi</span> <span class='ocrx_word' id='word_1_311' title='bbox 1189 2275 1284 2307; x_wconf 85' lang='lat' dir='ltr'>haud</span> <span class='ocrx_word' id='word_1_312' title='bbox 1320 2275 1487 2308; x_wconf 72' lang='lat' dir='ltr'>sinebant</span> <span class='ocrx_word' id='word_1_313' title='bbox 1511 2275 1649 2315; x_wconf 87' lang='lat' dir='ltr'>Graeci,</span> 
     </span>
     <span class='ocr_line' id='line_1_35' title="bbox 224 2321 1651 2371; baseline -0.005 -13"><span class='ocrx_word' id='word_1_314' title='bbox 224 2327 286 2371; x_wconf 89' lang='lat' dir='ltr'>qui</span> <span class='ocrx_word' id='word_1_315' title='bbox 314 2329 569 2369; x_wconf 80' lang='lat' dir='ltr'>occupaverant</span> <span class='ocrx_word' id='word_1_316' title='bbox 591 2325 788 2356; x_wconf 85' lang='lat' dir='ltr'>traiectum.</span> <span class='ocrx_word' id='word_1_317' title='bbox 838 2322 1015 2366; x_wconf 85' lang='lat' dir='ltr'>praesidio</span> <span class='ocrx_word' id='word_1_318' title='bbox 1052 2322 1156 2353; x_wconf 78' lang='lat' dir='ltr'>etiam</span> <span class='ocrx_word' id='word_1_319' title='bbox 1182 2321 1352 2355; x_wconf 84' lang='lat' dir='ltr'>tenebant</span> <span class='ocrx_word' id='word_1_320' title='bbox 1379 2322 1651 2365; x_wconf 83' lang='lat' dir='ltr'>Hellespontum</span> 
     </span>
     <span class='ocr_line' id='line_1_36' title="bbox 225 2366 1650 2415; baseline -0.004 -11"><span class='ocrx_word' id='word_1_321' title='bbox 225 2379 261 2405; x_wconf 87' lang='lat' dir='ltr'>et</span> <span class='ocrx_word' id='word_1_322' title='bbox 279 2372 448 2415; x_wconf 74' lang='lat' dir='ltr'>templum</span> <span class='ocrx_word' id='word_1_323' title='bbox 476 2371 511 2402; x_wconf 90' lang='lat' dir='ltr'>in</span> <span class='ocrx_word' id='word_1_324' title='bbox 540 2369 753 2413; x_wconf 83' lang='lat' dir='ltr'>Propontide</span> <span class='ocrx_word' id='word_1_325' title='bbox 781 2369 898 2400; x_wconf 81' lang='lat' dir='ltr'>situm.</span> <span class='ocrx_word' id='word_1_326' title='bbox 939 2366 1166 2407; x_wconf 87' lang='lat' dir='ltr'>Mechmetes‚</span> <span class='ocrx_word' id='word_1_327' title='bbox 1195 2373 1233 2399; x_wconf 84' lang='lat' dir='ltr'>ut</span> <span class='ocrx_word' id='word_1_328' title='bbox 1251 2369 1368 2411; x_wconf 90' lang='lat' dir='ltr'>copias</span> <span class='ocrx_word' id='word_1_329' title='bbox 1392 2379 1472 2400; x_wconf 81' lang='lat' dir='ltr'>suas</span> <span class='ocrx_word' id='word_1_330' title='bbox 1495 2366 1650 2400; x_wconf 81' lang='lat' dir='ltr'>traduxit</span> 
     </span>
     <span class='ocr_line' id='line_1_37' title="bbox 224 2413 1651 2456; baseline -0.005 -6"><span class='ocrx_word' id='word_1_331' title='bbox 224 2420 261 2451; x_wconf 89' lang='lat' dir='ltr'>in</span> <span class='ocrx_word' id='word_1_332' title='bbox 279 2419 407 2456; x_wconf 84' lang='lat' dir='ltr'>Asiam,</span> <span class='ocrx_word' id='word_1_333' title='bbox 433 2423 525 2449; x_wconf 74' lang='lat' dir='ltr'>recta</span> <span class='ocrx_word' id='word_1_334' title='bbox 544 2415 778 2448; x_wconf 83' lang='lat' dir='ltr'>adTriballos</span> <span class='ocrx_word' id='word_1_335' title='bbox 806 2415 872 2446; x_wconf 87' lang='lat' dir='ltr'>iter</span> <span class='ocrx_word' id='word_1_336' title='bbox 895 2414 1104 2453; x_wconf 84' lang='lat' dir='ltr'>maturavit,</span> <span class='ocrx_word' id='word_1_337' title='bbox 1129 2418 1168 2446; x_wconf 86' lang='lat' dir='ltr'>ut</span> <span class='ocrx_word' id='word_1_338' title='bbox 1184 2413 1267 2446; x_wconf 89' lang='lat' dir='ltr'>inde</span> <span class='ocrx_word' id='word_1_339' title='bbox 1293 2415 1484 2446; x_wconf 83' lang='lat' dir='ltr'>exercitum</span> <span class='ocrx_word' id='word_1_340' title='bbox 1509 2423 1651 2456; x_wconf 82' lang='lat' dir='ltr'>compa-</span> 
     </span>
     <span class='ocr_line' id='line_1_38' title="bbox 227 2459 1651 2508; baseline -0.004 -12"><span class='ocrx_word' id='word_1_341' title='bbox 227 2470 331 2504; x_wconf 73' lang='lat' dir='ltr'>raret,</span> <span class='ocrx_word' id='word_1_342' title='bbox 356 2474 460 2508; x_wconf 85' lang='lat' dir='ltr'>quem</span> <span class='ocrx_word' id='word_1_343' title='bbox 489 2463 662 2507; x_wconf 79' lang='lat' dir='ltr'>praesenti</span> <span class='ocrx_word' id='word_1_344' title='bbox 689 2462 831 2504; x_wconf 71' lang='lat' dir='ltr'>negotio</span> <span class='ocrx_word' id='word_1_345' title='bbox 851 2461 888 2491; x_wconf 89' lang='lat' dir='ltr'>in</span> <span class='ocrx_word' id='word_1_346' title='bbox 914 2461 1034 2504; x_wconf 88' lang='lat' dir='ltr'>primis</span> <span class='ocrx_word' id='word_1_347' title='bbox 1050 2459 1270 2492; x_wconf 82' lang='lat' dir='ltr'>commodum</span> <span class='ocrx_word' id='word_1_348' title='bbox 1296 2460 1488 2499; x_wconf 83' lang='lat' dir='ltr'>iudicabat,</span> <span class='ocrx_word' id='word_1_349' title='bbox 1514 2465 1550 2492; x_wconf 85' lang='lat' dir='ltr'>et</span> <span class='ocrx_word' id='word_1_350' title='bbox 1572 2469 1651 2492; x_wconf 86' lang='lat' dir='ltr'>cum</span> 
     </span>
     <span class='ocr_line' id='line_1_39' title="bbox 228 2506 1652 2554; baseline -0.004 -12"><span class='ocrx_word' id='word_1_351' title='bbox 228 2511 334 2543; x_wconf 79' lang='lat' dir='ltr'>fratre</span> <span class='ocrx_word' id='word_1_352' title='bbox 362 2510 489 2554; x_wconf 83' lang='lat' dir='ltr'>praelii</span> <span class='ocrx_word' id='word_1_353' title='bbox 514 2510 627 2541; x_wconf 80' lang='lat' dir='ltr'>aleam</span> <span class='ocrx_word' id='word_1_354' title='bbox 654 2507 884 2551; x_wconf 82' lang='lat' dir='ltr'>experiretur.</span> <span class='ocrx_word' id='word_1_355' title='bbox 943 2507 1059 2538; x_wconf 87' lang='lat' dir='ltr'>Moses</span> <span class='ocrx_word' id='word_1_356' title='bbox 1083 2506 1207 2550; x_wconf 81' lang='lat' dir='ltr'>praelii</span> <span class='ocrx_word' id='word_1_357' title='bbox 1234 2506 1384 2550; x_wconf 87' lang='lat' dir='ltr'>cupidus</span> <span class='ocrx_word' id='word_1_358' title='bbox 1410 2506 1568 2539; x_wconf 82' lang='lat' dir='ltr'>venitin</span> <span class='ocrx_word' id='word_1_359' title='bbox 1595 2516 1652 2537; x_wconf 86' lang='lat' dir='ltr'>re·</span> 
     </span>
     <span class='ocr_line' id='line_1_40' title="bbox 229 2551 1650 2600; baseline -0.004 -12"><span class='ocrx_word' id='word_1_360' title='bbox 229 2558 367 2599; x_wconf 82' lang='lat' dir='ltr'>gionem</span> <span class='ocrx_word' id='word_1_361' title='bbox 394 2567 483 2600; x_wconf 87' lang='lat' dir='ltr'>quae</span> <span class='ocrx_word' id='word_1_362' title='bbox 511 2566 614 2599; x_wconf 80' lang='lat' dir='ltr'>supra</span> <span class='ocrx_word' id='word_1_363' title='bbox 642 2554 811 2586; x_wconf 82' lang='lat' dir='ltr'>Haemum</span> <span class='ocrx_word' id='word_1_364' title='bbox 835 2558 897 2591; x_wconf 85' lang='lat' dir='ltr'>est,</span> <span class='ocrx_word' id='word_1_365' title='bbox 924 2553 1067 2585; x_wconf 79' lang='lat' dir='ltr'>Panium</span> <span class='ocrx_word' id='word_1_366' title='bbox 1096 2551 1245 2593; x_wconf 81' lang='lat' dir='ltr'>dictam3</span> <span class='ocrx_word' id='word_1_367' title='bbox 1270 2553 1306 2584; x_wconf 88' lang='lat' dir='ltr'>in</span> <span class='ocrx_word' id='word_1_368' title='bbox 1331 2562 1413 2596; x_wconf 80' lang='lat' dir='ltr'>qua,</span> <span class='ocrx_word' id='word_1_369' title='bbox 1435 2552 1520 2596; x_wconf 86' lang='lat' dir='ltr'>quia</span> <span class='ocrx_word' id='word_1_370' title='bbox 1546 2561 1650 2596; x_wconf 80' lang='lat' dir='ltr'>prae-</span> 
     </span>
     <span class='ocr_line' id='line_1_41' title="bbox 230 2598 1652 2640; baseline -0.004 -6"><span class='ocrx_word' id='word_1_371' title='bbox 230 2607 380 2635; x_wconf 82' lang='lat' dir='ltr'>cesserat</span> <span class='ocrx_word' id='word_1_372' title='bbox 405 2607 571 2640; x_wconf 86' lang='lat' dir='ltr'>montem,</span> <span class='ocrx_word' id='word_1_373' title='bbox 598 2600 734 2632; x_wconf 83' lang='lat' dir='ltr'>invenit</span> <span class='ocrx_word' id='word_1_374' title='bbox 757 2599 910 2631; x_wconf 76' lang='lat' dir='ltr'>fratrem.</span> <span class='ocrx_word' id='word_1_375' title='bbox 960 2603 999 2630; x_wconf 89' lang='lat' dir='ltr'>ut</span> <span class='ocrx_word' id='word_1_376' title='bbox 1037 2599 1147 2630; x_wconf 82' lang='lat' dir='ltr'>sensit</span> <span class='ocrx_word' id='word_1_377' title='bbox 1170 2599 1311 2630; x_wconf 79' lang='lat' dir='ltr'>fratrem</span> <span class='ocrx_word' id='word_1_378' title='bbox 1335 2598 1499 2631; x_wconf 81' lang='lat' dir='ltr'>accedere</span> <span class='ocrx_word' id='word_1_379' title='bbox 1524 2603 1560 2630; x_wconf 84' lang='lat' dir='ltr'>et</span> <span class='ocrx_word' id='word_1_380' title='bbox 1585 2598 1652 2629; x_wconf 81' lang='lat' dir='ltr'>iam</span> 
     </span>
     <span class='ocr_line' id='line_1_42' title="bbox 229 2643 1654 2692; baseline -0.004 -12"><span class='ocrx_word' id='word_1_381' title='bbox 229 2650 265 2680; x_wconf 84' lang='lat' dir='ltr'>in</span> <span class='ocrx_word' id='word_1_382' title='bbox 294 2648 453 2692; x_wconf 85' lang='lat' dir='ltr'>proximo</span> <span class='ocrx_word' id='word_1_383' title='bbox 480 2659 568 2688; x_wconf 84' lang='lat' dir='ltr'>esse,</span> <span class='ocrx_word' id='word_1_384' title='bbox 593 2647 700 2679; x_wconf 81' lang='lat' dir='ltr'>aciem</span> <span class='ocrx_word' id='word_1_385' title='bbox 728 2646 869 2678; x_wconf 87' lang='lat' dir='ltr'>instruit</span> <span class='ocrx_word' id='word_1_386' title='bbox 894 2649 929 2676; x_wconf 87' lang='lat' dir='ltr'>et</span> <span class='ocrx_word' id='word_1_387' title='bbox 954 2645 1125 2689; x_wconf 81' lang='lat' dir='ltr'>praelium</span> <span class='ocrx_word' id='word_1_388' title='bbox 1161 2645 1330 2689; x_wconf 82' lang='lat' dir='ltr'>capessit,</span> <span class='ocrx_word' id='word_1_389' title='bbox 1357 2655 1509 2689; x_wconf 80' lang='lat' dir='ltr'>moxque</span> <span class='ocrx_word' id='word_1_390' title='bbox 1535 2644 1572 2676; x_wconf 88' lang='lat' dir='ltr'>in</span> <span class='ocrx_word' id='word_1_391' title='bbox 1597 2643 1654 2675; x_wconf 84' lang='lat' dir='ltr'>fu-</span> 
     </span>
     <span class='ocr_line' id='line_1_43' title="bbox 230 2690 1655 2738; baseline -0.004 -12"><span class='ocrx_word' id='word_1_392' title='bbox 230 2704 305 2738; x_wconf 81' lang='lat' dir='ltr'>gam</span> <span class='ocrx_word' id='word_1_393' title='bbox 332 2695 472 2738; x_wconf 79' lang='lat' dir='ltr'>agitur;</span> <span class='ocrx_word' id='word_1_394' title='bbox 498 2694 558 2738; x_wconf 89' lang='lat' dir='ltr'>qui</span> <span class='ocrx_word' id='word_1_395' title='bbox 586 2693 721 2737; x_wconf 83' lang='lat' dir='ltr'>fugiens</span> <span class='ocrx_word' id='word_1_396' title='bbox 746 2690 958 2736; x_wconf 77' lang='lat' dir='ltr'>properabat</span> <span class='ocrx_word' id='word_1_397' title='bbox 981 2690 1024 2723; x_wconf 84' lang='lat' dir='ltr'>ad</span> <span class='ocrx_word' id='word_1_398' title='bbox 1043 2691 1283 2723; x_wconf 84' lang='lat' dir='ltr'>Triballorum</span> <span class='ocrx_word' id='word_1_399' title='bbox 1307 2690 1440 2723; x_wconf 82' lang='lat' dir='ltr'>ducem.</span> <span class='ocrx_word' id='word_1_400' title='bbox 1489 2701 1564 2722; x_wconf 89' lang='lat' dir='ltr'>cum</span> <span class='ocrx_word' id='word_1_401' title='bbox 1590 2700 1655 2722; x_wconf 75' lang='lat' dir='ltr'>au-</span> 
     </span>
    </p>
   </div>
  </div>
 </body>
</html>
