1884 3178
502 193 576 232 DE
614 192 784 233 REBUS
823 189 1081 233 TURClClS
1120 193 1167 232 L.
1198 193 1271 231 111.
1504 184 1595 230 135

135 293 218 335 τόν
239 293 282 341 ές
299 289 372 334 τόν
398 291 544 334 Ἰόνιον
566 287 876 346 παροικούντων
900 291 943 340 ἐς
963 290 1060 339 τούς
1081 289 1282 339 Ἑνετούς.
1311 287 1502 344 ὁπότεροι
1520 290 1600 341 μὲν

135 359 298 401 τούτων
327 356 621 411 παλαιότεροι,
649 356 722 397 καί
749 355 826 410 τὴν
855 353 1009 410 ἐτέρων
1039 355 1232 410 ὁπότεροι
1264 354 1423 397 τούτων
1450 353 1600 408 χώραν

137 414 414 479 ἑπινέμονται,
442 420 468 477 ἢ
492 421 690 478 Ἰλλυριοὶ
710 423 901 464 ἐπέκεινα
929 423 1005 476 τῆς
1026 421 1235 476 Εὐρώπης
1262 422 1486 475 διαβάντες
1502 423 1603 462 Πο-

137 489 286 531 λανίαν
312 504 372 547 tex
385 491 456 531 καί
494 490 740 542 Σαρματίαν
774 483 966 545 ᾤκησαν,
1009 484 1036 543 ἢ
1068 487 1290 542 Σαρμάται
1324 487 1374 542 δὴ
1404 487 1475 529 ε’πί
1502 483 1603 527 τάδε

103 555 217 602 5τοῦ
236 549 407 610 Ἴστρου
438 555 652 608 γενόμενοι
682 553 759 608 τήν
791 570 834 595 τε
863 556 1045 596 Μυσίαν
1072 555 1145 595 καί
1180 555 1426 609 Τριβαλλῶν
1456 551 1605 607 χώραν

141 621 214 663 καί
243 620 292 676 δὴ
328 621 402 663 καί
430 621 651 675 Ἰλλυριῶν
697 623 779 662 τῶν
806 619 912 674 πρὸς
943 620 1013 662 τόν
1038 617 1194 662 Ἰόνιον
1224 615 1328 673 ἄχρι
1358 620 1408 673 δὴ
1433 619 1605 660 Ἑνετῶν

141 685 331 745 ᾤκησαν,
371 681 468 728 οὔτε
512 682 642 746 ἄλλου
685 685 797 735 τινὸς
830 685 1052 741 ἐπυθόμην
1082 687 1166 727 τιὸν
1197 687 1488 739 παλαιοτέρων
1519 685 1648 726 das-1)

142 751 312 805 ξιόντος,
343 748 433 793 οὔτ’
461 747 513 793 ἂν
541 751 682 807 ἔχοιμι
713 751 844 810 πάντῃ
876 751 933 801 (ὃς
968 753 1106 808 α’ληθῆ
1133 749 1497 806 διασημήνασθαι.

252 815 463 870 Ἑπὰνειμι
506 820 552 861 δὲ
581 820 653 860 ἐπὶ
676 818 848 867 Σκύθας
877 817 978 867 τούς
1005 818 1218 871 νομάδας,
1248 814 1272 858 ὃ
1302 816 1351 872 δη
1385 818 1501 870 γένος
1530 818 1609 868 με’-

88 884 287 940 ιογιστόν
315 900 359 926 τε
402 887 477 926 καί
520 884 699 939 ἰσχυρὸν
735 887 808 926 καί
843 883 1140 939 γενναιότατόν
1180 886 1318 939 ἐστιν,
1347 879 1434 926 οἷον
1468 885 1612 924 ου’ὸένί

142 951 226 992 τῶν
256 949 363 991 κατὰ
390 947 464 1004 τήν
495 951 742 1005 οἰκουμένην
759 952 896 992 ἐθνῶν
928 950 1230 1006 παραβάλλειν,
1259 947 1310 991 ἂν
1329 948 1387 1004 μη
1419 951 1612 1005 πολλαχῇ

142 1015 223 1059 οἶνοὶ
252 1015 329 1070 τὴν
357 1017 604 1071 οἰκουμένην
633 1016 737 1058 κατά
771 1032 814 1058 τε
841 1016 990 1060 Ἀσίαν
1018 1020 1091 1060 καί
1117 1015 1330 1071 Εὐρώπην
1358 1017 1610 1068 ἐσκεδασμὲ·

142 1098 212 1126 νον
242 1078 348 1140 ἄλλῃ
373 1097 416 1124 τε
445 1085 519 1137 τῆς
549 1083 690 1125 αὐτῶν
705 1085 926 1137 βασιλείας
953 1083 1128 1142 ᾠκίσθη,
1160 1083 1216 1132 ὥς
1244 1084 1294 1139 τῇ
1322 1084 1531 1139 ἐπιδρομῇ
1561 1080 1613 1123 τοὶ

145 1149 278 1192 πολλὰ
307 1149 599 1204 χρησάμενον·
674 1145 705 1207 ᾗ
743 1149 795 1205 δὴ
823 1148 946 1208 χώρα
974 1150 1195 1205 ἠρέσκετο,
1234 1147 1367 1206 ταύτῃ
1398 1151 1613 1190 ἐναπολει-

91 1217 259 1272 ιὸφθὲν
302 1211 476 1273 ᾤκησεν.
551 1217 694 1269 εἰμὲν
732 1213 808 1258 οὖν
850 1216 1050 1272 εὐφρόνει
1086 1215 1189 1258 κατὰ
1228 1215 1346 1268 τάδε,
1377 1213 1454 1271 τὴν
1484 1212 1618 1268 αὐτην

148 1283 336 1324 ἐνοικοῦν
360 1282 524 1336 χώραν,
555 1284 630 1324 καί
654 1282 731 1338 ὑφ’
760 1281 824 1325 {vl
849 1285 1005 1337 γένοιτο
1035 1285 1230 1337 βασιλεῖ,
1264 1281 1433 1330 οὐδένες
1466 1278 1504 1322 οἱ
1538 1282 1619 1322 τῶν

151 1349 198 1390 ἐν
227 1349 278 1405 τῇ
307 1349 528 1406 οἰκουμένῃ
570 1350 784 1390 ἐνίσταντο
819 1345 898 1404 ἄν,
939 1347 1047 1390 ὥστε
1080 1349 1139 1403 μη
1170 1353 1463 1402 συνομολογεῖν
1488 1346 1722 1403 αὕτῷ.Ρ,72

151 1415 227 1456 νῦν
256 1414 304 1455 δὲ
322 1412 556 1470 ’ἁπανταχῇ
594 1417 666 1469 τῆς
691 1415 838 1463 Ἀσίας
881 1412 1178 1468 ἐπινεμόμενον
1210 1417 1285 1456 καί
1311 1416 1357 1456 ἐν
1385 1414 1437 1470 τῇ
1467 1413 1620 1468 Εὐρώ-

154 1495 228 1536 πῃ,
261 1481 334 1522 ἐπὶ
360 1482 414 1536 τῇ
443 1479 590 1538 Θρᾴκῃ
619 1496 666 1522 τε
708 1483 782 1523 καί
809 1482 881 1523 ἐπί
907 1480 981 1523 τὸν
1010 1480 1237 1536 Βόσπορον
1270 1482 1471 1532 ἐνοικοῦν,
1502 1476 1620 1537 durgi-

97 1559 143 1595 20
156 1561 293 1588 κισται
322 1547 396 1600 τῆς
425 1549 547 1601 σφῶν
578 1548 719 1590 αὐτῶν
749 1549 969 1600 βασιλείας
998 1550 1071 1602 τῆς
1099 1549 1144 1596 ἐς
1165 1546 1208 1589 τό
1233 1546 1418 1603 Οὖρδάν.
1477 1545 1516 1587 οἱ
1545 1548 1624 1599 μὲν

158 1607 235 1653 οὖν
266 1613 311 1661 ἐς
339 1611 413 1654 τὸν
439 1610 662 1668 Βόσπορον
690 1612 765 1668 τήν
792 1613 925 1670 ταύτῃ
953 1612 1103 1668 χώραν
1128 1613 1420 1668 ἐπινεμόμενοι
1447 1611 1522 1654 καί
1547 1611 1625 1666 τήν

157 1674 314 1735 ὅμορον
345 1680 653 1734 λεηλατοῦντες,
682 1680 757 1734 τήν
785 1695 829 1722 τε
863 1678 1124 1736 Τζαρκάσων
1149 1683 1222 1722 καί
1251 1682 1525 1737 Μιγκρελίων
1555 1678 1628 1720 καί

257 1793 311 1829 14.
336 1795 448 1844 ταύτῃ
474 1795 515 1844 τῇ
542 1796 651 1834 Gyan.
684 1797 708 1831 P

163 1913 202 1942 et
226 1907 298 1941 utri
325 1907 520 1942 alterorum
560 1910 741 1955 regionem
769 1915 938 1952 teneant,
965 1911 1127 1956 lllyriine
1159 1912 1198 1945 in
1224 1913 1326 1947 istam
1355 1911 1520 1957 Europae
1545 1922 1631 1957 par·

164 1960 236 1989 tem
260 1954 470 1989 recedentes
513 1956 700 1990 Poloniam
727 1964 763 1991 et
787 1959 996 1992 Sarmatiam
1023 1960 1268 2000 incoluerint,
1296 1971 1342 1993 an
1367 1959 1552 1992 Sarmatae
1584 1959 1631 1991 ad

163 2001 252 2035 haec
275 2002 356 2035 lstri
384 2002 463 2035 loca
492 2003 667 2038 adeuntes
694 2005 842 2048 Mysiam
870 2012 908 2040 et
931 2006 1178 2040 Triballorum
1208 2008 1487 2051 Illyriorumque
1515 2007 1631 2050 regio-

164 2059 259 2090 nem,
285 2059 357 2094 qua
383 2061 504 2083 versus
530 2051 672 2084 Ionium
701 2058 803 2097 patet
830 2065 942 2098 usque
969 2053 1013 2086 ad
1031 2055 1205 2094 Venetos,
1230 2054 1481 2094 inhabitarint,
1508 2065 1629 2099 neque

165 2107 369 2142 quenquam
394 2096 516 2129 audivi
534 2103 694 2132 veterum
713 2107 1064 2144 commemorantem,
1091 2113 1157 2134 nec
1178 2102 1254 2146 ipse
1275 2113 1421 2147 possum
1451 2112 1493 2133 ea
1522 2112 1629 2145 quam

165 2143 346 2178 verissime
367 2143 560 2189 explicare.

259 2189 379 2224 Redeo
404 2202 500 2224 nunc
524 2192 569 2225 ad
590 2192 738 2236 Scythas
765 2194 954 2238 nomades;
984 2206 1078 2240 quae
1106 2207 1192 2240 gens
1216 2207 1366 2228 numero
1404 2193 1631 2233 fortitudine,

165 2248 308 2271 necnon
334 2239 588 2281 generositate,
614 2241 644 2272 si
669 2243 974 2286 comparationem
995 2243 1112 2276 facere
1138 2242 1302 2283 libuerit,
1327 2242 1434 2274 facile
1462 2240 1633 2273 omnibus

166 2295 232 2330 per
276 2284 397 2317 orbem
438 2285 608 2329 gentibus
635 2289 798 2332 superior
823 2295 897 2329 est,
936 2290 1005 2321 nisi
1031 2290 1127 2335 quod
1158 2301 1221 2334 per
1247 2291 1364 2322 Asiam
1393 2294 1428 2321 et
1458 2288 1633 2332 Europam

167 2331 330 2376 dispersa
358 2337 395 2365 et
419 2344 514 2365 nunc
540 2334 575 2366 in
601 2334 672 2366 alia
698 2336 845 2378 regione
872 2347 892 2368 a
910 2347 1019 2380 regno
1051 2343 1187 2369 remota
1214 2336 1366 2376 habitet,
1392 2341 1431 2368 ut
1462 2346 1555 2380 quae
1576 2335 1633 2367 in-

169 2377 397 2412 cursionibus
422 2380 598 2413 faciendis
626 2382 819 2425 invigilet,
860 2389 896 2416 et
931 2384 969 2416 in
997 2394 1038 2416 ea
1078 2384 1224 2427 regione
1249 2384 1391 2423 morari,
1417 2393 1509 2427 quae
1539 2382 1634 2414 sorte

169 2425 340 2466 arriserit,
369 2427 406 2459 in
437 2428 596 2460 animum
626 2428 782 2463 inducat.
848 2431 876 2463 si
902 2442 943 2463 ea
979 2441 1065 2474 gens
1091 2430 1319 2463 concordiam
1347 2432 1441 2463 inter
1473 2440 1510 2463 se
1537 2429 1635 2461 cele-

170 2471 312 2513 braret,
352 2484 533 2520 unamque
574 2475 756 2519 regionem
797 2488 989 2523 regemque
1031 2478 1352 2522 amplecterentur,
1388 2487 1461 2509 non
1485 2475 1638 2508 arbitror

169 2519 331 2562 aliquam
352 2526 494 2564 gentem
519 2522 554 2554 in
581 2527 659 2555 toto
687 2523 775 2556 orbe
799 2524 891 2557 adeo
911 2525 1066 2558 ferocem
1095 2536 1170 2557 esse
1195 2524 1345 2564 viribus,
1375 2534 1468 2568 quae
1495 2522 1638 2566 Scythis

171 2565 308 2599 bellum
328 2566 488 2600 indicere
516 2569 677 2603 auderet.
702 2582 799 2603 nunc
825 2577 944 2604 autem
971 2583 1050 2604 cum
1085 2571 1244 2616 undique
1269 2582 1332 2614 per
1360 2571 1480 2603 Asiam
1507 2576 1544 2603 et
1567 2571 1639 2603 Eu-

171 2624 292 2658 ropam
309 2637 318 2653 ,
344 2625 486 2648 necnon
511 2627 574 2660 per
597 2616 787 2651 Thraciam
812 2629 928 2663 usque
953 2618 999 2651 ad
1026 2620 1220 2662 Bosporum
1267 2617 1434 2663 dissipati
1459 2617 1640 2657 habitent,

171 2671 275 2706 quam
305 2660 511 2704 longissime
538 2674 557 2695 a
583 2675 645 2696 sua
672 2665 770 2708 regia
791 2666 948 2699 submoti
974 2670 1183 2698 cernuntur.
1236 2664 1297 2709 qui
1325 2664 1518 2708 regionem,
1546 2675 1640 2709 quae

172 2718 210 2740 se
239 2707 284 2740 ad
310 2706 534 2752 Bosphorum
562 2710 690 2754 pandit
715 2717 855 2753 tenent,
883 2711 1242 2746 finitimis'rzarcasis
1270 2716 1307 2745 et
1331 2711 1528 2745 Mincreliis
1557 2712 1639 2744 Sar-

171 2754 351 2800 malisque
377 2755 490 2789 multa
516 2757 661 2802 negotia
689 2758 869 2794 facessunt
897 2758 1040 2805 praedis
1066 2758 1224 2804 agendis.
1278 2757 1502 2793 abducentes
1532 2759 1641 2803 igitur
