1858 3210
0 157 13 218 ¹¹
465 159 537 199 DE
574 157 751 199 REssth
798 155 1052 198 ‘runcinis
1091 156 1236 197 1..1x.
1484 150 1575 195 501

115 258 212 314 χήν,
240 257 311 300 καί
335 258 395 312 μή
428 257 718 309 μεταστάντων
747 251 876 305 αὖθις
895 258 977 298 τῶν
994 257 1066 310 τῆς
1078 256 1242 303 Δακιάς
1270 253 1438 309 ἀνδρῶν
1465 261 1623 308 new-C

115 323 314 367 τενόντων
341 322 568 379 πράγματα
605 322 723 378 ἔχοι,
759 324 1026 377 ἐπαγομένων
1073 317 1214 364 αὖτῶν
1256 321 1355 371 τούς
1387 321 1586 369 Παίονας

115 394 371 445 συμμάχους
398 406 443 434 τε
475 393 549 432 καί
574 389 840 443 ἐπικούρους.

234 460 376 499 Ταῦτα
402 459 547 509 μέντοι
581 454 690 498 οὕτω
721 454 1020 510 διεπράττετο·
1088 451 1180 497 τότε
1208 454 1258 510 δη
1290 450 1367 497 οὖν
1394 458 1471 497 τοῦ
1498 470 1589 509 χει-

82 537 104 571 5
115 525 269 579 μῶνος,
295 524 354 573 ὥς
382 523 599 579 ἠγγέλλετο
630 526 805 575 βασιλεῖ
827 524 976 564 τοῦτον
1011 520 1259 575 νεωτερίσαι
1290 523 1592 574 διανοούμενον

116 589 349 632 ἀπόστασιν
378 589 677 644 βουλεύεσθαι,
708 587 780 631 ἐπὶ
797 590 992 637 Παίονας
1017 586 1280 644 τραπόμενον
1309 587 1592 630 συντίθεσθαι

115 655 289 705 ἐκείνοις
323 658 398 698 καί
437 658 691 710 συμμαχίαν
735 657 985 707 ποιεῖσθαι,
1026 652 1164 696 δεινόν
1193 669 1238 694 τε
1276 655 1487 705 ἐποιεῖτο,
1520 655 1594 695 καί

115 725 292 776 πέμπων
319 718 455 778 ἄνδρα
493 722 720 776 εὐδόκιμον
760 723 843 764 τῶν
886 724 1035 775 θυρῶν
1076 722 1239 773 αὐτοῦ,
1271 719 1592 775 γραμματιστὴν

105 785 297 845 “Ελληνα,
326 791 616 842 μετεπέμπετο
653 790 698 838 ἐς
733 789 807 837 τας
836 788 1000 843 θύρας,
1040 787 1098 836 ὥς
1135 783 1188 842 ἢν
1218 788 1430 844 ἀφίκηταί
1453 786 1491 828 οἱ
1520 788 1591 829 ἐπὶ

59 866 104 902 10
117 857 193 905 τὰς
221 855 386 911 θύρας,
426 851 562 909 ἄχαρι
589 855 668 908 μὲν
698 854 821 896 οὐδὲν
863 854 970 909 πρὸς
1000 857 1179 909 βασιλέα
1210 856 1410 908 πείσεται,
1439 851 1583 907 ἀγαθοὶ

115 922 163 963 δὲ
191 922 266 962 καί
293 916 464 963 εὔνοιαν
492 920 784 974 ἀνακτώμενος
809 922 889 974 ⁰²57:
910 918 1214 974 ὗπερβαλεῖται
1233 917 1363 961 αὐτὸν
1391 922 1631 972 βασιλέα,ῡ

115 983 273 1030 εὖνοῶν
299 987 343 1036 ές
375 985 426 1028 τιὶ
456 988 534 1029 τοῦ
558 990 771 1040 βασιλέως
798 986 1038 1041 πράγματα.
1105 988 1243 1028 ταῦτα
1268 987 1348 1039 μὲν
1377 984 1589 1034 ἐπιτείλας

114 1051 299 1106 ἔπεμπεν
325 1052 384 1104 ὥς
410 1053 556 1095 τοῦτον
591 1052 882 1106 Καταβολινὸν
909 1055 1162 1109 γραμματέα
1188 1054 1270 1095 τῶν
1298 1055 1458 1107 θυρῶν.
1493 1054 1590 1095 Χα-

114 1122 255 1178 μουζᾷ
283 1122 329 1162 δὲ
360 1122 417 1176 τῷ
445 1118 711 1177 ἱερακοφόρῳ
741 1122 964 1178 λεγομένῳ,
995 1119 1042 1169 ὃς
1070 1118 1187 1174 παρὰ
1221 1118 1294 1161 τὸν
1313 1116 1475 1174 Ἴστρον
1500 1120 1588 1160 διέ-

58 1188 101 1222 15
114 1191 219 1241 λαχε
249 1189 424 1228 διοικεῖν
466 1185 614 1240 χώραν
645 1186 721 1227 οὐκ
751 1186 895 1242 ὀλίγην
925 1189 997 1229 καί
1029 1185 1203 1242 Βιδίνης
1233 1183 1428 1240 ὕπαρχον
1457 1181 1586 1240 εἶναι,

110 1252 256 1310 κρύφα
285 1255 451 1295 ἐκέλευε
493 1255 695 1308 πέμπων,
727 1253 837 1312 δόλῳ
870 1256 911 1296 εἰ
949 1254 1177 1310 δυνήσεται
1217 1250 1388 1309 ἇγαγεΐν
1414 1253 1486 1295 τὸν
1514 1250 1588 1295 ἄν-

113 1323 208 1376 δρα,
235 1321 354 1378 αὕτιρ
372 1322 630 1378 χαριεῖσθαι
672 1319 889 1377 μεγάλως,
920 1319 1004 1364 εἴτε
1043 1322 1153 1378 δόλῳ
1185 1320 1269 1364 εἴτε
1298 1320 1438 1379 τρόπῳ
1471 1316 1586 1380 ἄλλῳ

113 1390 188 1446 οἴῳ
229 1388 454 1442 δυνήσεται
497 1390 739 1441 συλλαβεῖν.
809 1381 935 1438 οὗτος
971 1390 1050 1441 μὲν
1089 1383 1166 1430 οὖν
1213 1390 1499 1444 παραγγείλας
1527 1392 1584 1447 τῷ

110 1456 407 1512 γραμματιστῇ
435 1456 479 1503 ἐς
508 1453 585 1509 την
613 1456 825 1509 σύλληψιν
869 1457 947 1496 τοῦ
974 1452 1127 1508 ἀνδρὸς
1156 1451 1262 1497 ἅττα
1293 1454 1432 1496 ἐδόκει
1460 1457 1586 1511 σφίσι

52 1523 435 1575 ἓῡβουλευομὲνοις
485 1520 727 1576 πρόσφορον
774 1517 907 1576 εἶναι,
937 1524 1314 1577 συμπροπέμποντι
1353 1519 1487 1562 αὐτὸν
1530 1523 1587 1578 τῷ

108 1586 266 1645 Βλᾰδῳ
314 1585 507 1629 ὖπείσειν
542 1587 716 1642 ἐνέδρας
759 1585 1088 1642 προλοχήσαντα
1138 1588 1275 1629 αὐτοῦ
1310 1586 1470 1642 ταύτην
1510 1587 1585 1641 την

108 1652 268 1710 χώραν,
298 1649 408 1696 οὕτω
435 1657 652 1697 ποιεῖσθαι
671 1653 748 1709 την
766 1652 989 1710 σύλληψιν,
1017 1653 1302 1710 σημαίνεσθαι
1331 1655 1378 1696 δέ
1395 1652 1448 1710 οἱ,
1477 1651 1585 1697 ἐπάν
1598 1663 1711 1698 Ρ.267

200 1775 259 1810 21.
283 1775 458 1815 ὑποίσειν
481 1777 506 1812 Ρ

111 1878 294 1924 quomodo
332 1878 376 1912 ab
414 1890 495 1924 rege
535 1879 761 1914 descisceret.
836 1881 1016 1914 sententia
1058 1886 1179 1915 autem
1217 1880 1392 1914 Dacorum
1428 1882 1581 1925 graviter

110 1925 261 1960 madum
290 1925 454 1971 angebat.
505 1928 657 1962 timebat
681 1929 791 1970 euim,
820 1929 847 1962 si
869 1929 946 1973 ipse
975 1928 1188 1962 confirmato
1210 1939 1306 1961 nunc
1323 1928 1455 1960 Daciae
1479 1929 1579 1973 prin-

111 1974 232 2019 cipatu
259 1973 347 2019 quid
372 1980 495 2007 contra
523 1985 642 2018 regem
667 1975 815 2008 molitus
841 1975 970 2008 suisset
986 2001 995 2015 ,
1021 1986 1068 2008 ne
1093 1977 1239 2020 negotia
1263 1975 1333 2010 sibi
1360 1975 1580 2008 facesserent

113 2021 215 2062 Daci,
245 2020 466 2054 adducentes
490 2023 677 2056 Pannones
705 2023 821 2056 socios
849 2029 885 2056 et
912 2023 1118 2056 auxiliares.

203 2079 300 2112 Haec
325 2079 471 2125 quidem
507 2081 542 2113 in
583 2080 677 2113 hunc
716 2081 862 2114 modum
892 2086 969 2114 acta
1006 2087 1101 2114 sunt.
1153 2092 1192 2114 ea
1231 2086 1349 2114 antem
1391 2080 1510 2113 hieme
1537 2087 1579 2114 ut

113 2127 320 2160 nuntiatum
349 2132 405 2159 est
431 2128 503 2172 regi
532 2127 682 2161 Bladum
706 2140 876 2162 novarum
915 2140 1031 2161 rerum
1060 2139 1136 2161 esse
1162 2127 1345 2173 cupidum,
1371 2133 1407 2160 et
1432 2127 1574 2160 delibe-

113 2183 191 2206 rare
217 2185 287 2220 qua
316 2175 456 2208 ratione
481 2186 501 2207 a
539 2187 576 2208 se
602 2175 790 2217 deficeret,
815 2180 852 2209 et
891 2187 1099 2208 conversum
1140 2175 1185 2208 ad
1212 2176 1401 2208 Pannones
1427 2186 1504 2208 cum
1533 2176 1576 2207 iis

114 2219 260 2253 foedere
286 2221 500 2267 interposito
526 2223 736 2256 societatem
765 2223 928 2262 coivisse,
946 2221 1046 2263 haec,
1073 2223 1233 2268 inquam,
1263 2222 1446 2268 accipiens
1469 2221 1575 2255 valde

112 2267 190 2301 viro
224 2267 432 2311 indignatus
463 2274 529 2303 est.
592 2271 689 2302 misit
723 2271 846 2316 itaque
881 2270 993 2303 virum
1019 2270 1106 2303 satis
1143 2275 1357 2315 spectatum,
1384 2270 1573 2302 ianuarum

113 2315 274 2356 scribam,
299 2316 414 2348 virum
438 2317 626 2358 Graecum,
652 2317 695 2349 ad
726 2317 886 2358 Bladum,
912 2318 973 2364 qui
1000 2316 1096 2350 hunc
1120 2323 1288 2350 moneret
1312 2322 1353 2350 ut
1378 2316 1423 2349 ad
1448 2317 1574 2350 ianuas

113 2362 312 2395 accederet.
362 2363 494 2408 quodsi
518 2366 672 2404 veniret,
698 2365 775 2398 fore
803 2371 842 2398 ut
865 2364 1052 2398 maximam
1082 2366 1228 2408 gratiam
1258 2364 1368 2396 iniret
1395 2363 1491 2408 apud
1517 2374 1574 2396 re-

113 2420 203 2452 gem,
228 2415 414 2455 praeterea
437 2410 532 2444 bona
562 2412 714 2457 plurima
741 2412 860 2445 ferens
889 2423 1074 2456 nunquam
1101 2411 1290 2444 beneficiis
1317 2422 1434 2455 regem
1465 2421 1573 2455 supe-

114 2467 190 2489 rare.
216 2463 350 2500 posset,
375 2458 405 2491 si
435 2457 542 2491 rebus
578 2460 670 2504 regis
698 2459 817 2492 favere
854 2464 1030 2504 pergeret.
1080 2470 1159 2492 cum
1186 2458 1393 2491 huiusmodi
1421 2457 1570 2491 manda-

113 2504 160 2536 tis
188 2503 443 2538 Catabotinum
469 2506 618 2539 scribam
644 2508 830 2540 ianuarum
855 2507 901 2540 ad
933 2505 1080 2538 Bladum
1105 2504 1283 2550 proficisci
1310 2505 1424 2537 iubet.
1475 2504 1573 2538 Cha-—

112 2561 237 2583 muzae
262 2562 345 2584 vero
363 2577 372 2591 ‚
395 2563 502 2598 quem
533 2553 840 2598 Hieracophorum
875 2553 1125 2593 nominabant,
1150 2553 1214 2598 qui
1239 2552 1334 2597 apud
1362 2553 1491 2585 Istrum
1515 2553 1572 2585 la-

112 2598 194 2636 tuit,
221 2603 261 2630 ut
286 2597 554 2633 administraret
582 2612 645 2634 suo
671 2602 824 2647 imperio
855 2601 1036 2645 regionem
1062 2611 1136 2633 non
1161 2599 1336 2632 modicam
1364 2604 1402 2632 et
1423 2599 1572 2633 Bidinae

113 2650 310 2690 praeesset,
339 2648 526 2694 praecepit
551 2654 592 2682 ut
617 2648 721 2688 clam,
750 2649 778 2681 si
803 2648 888 2682 dolo
917 2653 1054 2692 posset,
1085 2646 1233 2679 Bladum
1261 2647 1306 2679 ad
1332 2657 1369 2679 se
1395 2646 1571 2692 perduce-

0 2699 19 2760 5
113 2698 178 2725 ret.
231 2691 389 2727 addebat
427 2706 464 2727 se
503 2695 535 2726 ei
563 2695 842 2740 gratificaturum
875 2696 933 2728 vel
959 2695 1129 2733 maxime,
1165 2706 1227 2728 seu
1267 2694 1352 2728 dolo
1396 2705 1458 2727 seu
1498 2694 1570 2727 aiio

113 2740 240 2788 quovis
267 2741 376 2776 modo
405 2743 513 2775 istum
537 2742 651 2775 virum
677 2742 842 2788 cepisset.
891 2742 1087 2776 Chamuzes
1118 2742 1227 2786 igitur
1257 2753 1326 2774 una
1353 2753 1429 2774 cum
1454 2741 1572 2774 scriba
