1858 3210
695 175 1040 218 HISTORlCUS.

188 277 273 309 liam
299 275 381 316 205,
394 277 428 312 8.
456 274 700 310 Andronicum
726 275 843 309 Ther-

189 334 269 355 mae
298 323 469 368 praefecit
484 322 532 355 ib.
549 322 607 356 20.
657 323 843 368 Pelopon-

184 370 262 403 nesi
293 371 463 403 isthmum
493 380 593 403 muro
620 370 735 404 cinxit
763 369 842 408 183,

181 415 240 450 20.
294 418 436 450 fratrem
457 417 706 461 Peloponneso
735 428 842 462 prae-

181 463 269 497 fecit
283 462 359 503 184,
371 464 424 495 11.
477 463 715 508 Peloponnesi
733 463 842 497 duces

185 516 310 556 captos
343 521 463 543 secum
504 511 712 554 Byzantium
738 510 842 544 duxit

181 558 231 593 ib.
254 556 310 590 22.
360 557 398 590 in
420 558 707 603 Peloponnesum
730 570 840 604 quum

181 605 339 638 venisset
363 606 495 638 mortni
514 605 700 638 Theodori
719 605 840 638 fratris

179 651 622 696 principatumAndronici
637 652 841 685 filioTlieo-

183 698 272 731 doro
302 700 481 732 commisit
503 699 585 740 206,
612 698 646 732 9.
673 698 753 739 216,
781 697 838 732 14.

183 744 355 778 Isthmum
377 746 637 780 muroinclusit
655 751 692 779 et
703 748 839 789 Byzan-

181 793 274 826 tium
298 792 408 826 rediit
435 805 516 826 cum
540 794 668 826 vinctis
685 792 838 826 ducibus

178 839 422 886 Peloponnesi
433 840 514 881 216,
529 839 583 872 19.
611 842 778 873 Amurate
792 840 835 873 11.

182 886 377 920 Tui-carum
407 898 489 932 rege
535 887 716 920 declarato
756 888 839 923 Mu·

185 933 350 979 stapham
376 934 439 980 qui
466 934 628 968 Paiazitis
655 934 838 968 ferebatur

181 991 259 1014 esse
284 980 382 1014 filius
407 992 426 1014 e
445 982 583 1015 Lemno
597 982 784 1015 accersivit
801 988 838 1015 et

178 1027 344 1074 Europae
371 1040 488 1073 regem
513 1029 687 1074 imposuit
704 1029 787 1070 220,
801 1029 834 1064 5.

177 1075 356 1109 Amuratis
384 1075 427 1109 11.
463 1075 663 1119 legationes
698 1077 837 1121 respuit

176 1120 259 1163 225,
298 1123 355 1155 12.
410 1123 604 1168 Mustapha
644 1124 835 1156 interfecto

177 1169 261 1210 227,
287 1169 342 1203 17.
404 1171 591 1203 Amurates
618 1170 659 1203 11.
699 1171 835 1213 Byzan—

180 1217 271 1249 tium
295 1216 442 1250 obsedit
468 1217 515 1250 ib.
542 1217 599 1251 21.
661 1217 835 1250 Emanuel

176 1263 306 1307 legatis
326 1262 372 1296 ad
396 1264 602 1297 Amuratem
628 1264 672 1298 ll.
703 1265 834 1298 frustra

175 1311 293 1343 missis
318 1312 395 1344 eius
432 1311 577 1345 fratrem
603 1311 834 1357 Mustapham

176 1358 270 1391 adiit
293 1358 376 1399 233,
406 1358 459 1392 15.

127 1404 354 1438 Andronicus
385 1405 591 1439 Emanuelis
619 1405 644 1438 f.
679 1417 698 1438 a
731 1412 832 1452 patre

172 1451 353 1486 Thermae
402 1454 604 1496 praefectus
652 1453 734 1494 205,
774 1453 832 1486 20.

175 1499 365 1533 Thermam
392 1500 542 1534 Venetis
570 1500 736 1534 vendidit
750 1501 831 1542 206,

177 1547 207 1578 1.
235 1546 316 1588 235,
352 1546 406 1580 10.
459 1547 505 1580 ad
533 1547 675 1580 fratrem
702 1549 739 1581 in
766 1552 828 1581 l'e-

177 1594 416 1639 loponnesum
441 1594 623 1639 profectus
640 1601 693 1628 est
704 1595 783 1635 206,
797 1595 830 1629 5.

128 1640 344 1675 Theodorus
379 1641 572 1674 Andronici
599 1641 624 1674 f.
643 1642 688 1674 ab
725 1643 829 1675 Ema-

173 1689 281 1721 nuele
307 1689 346 1721 in
386 1689 674 1732 Peloponnesum
702 1691 829 1722 missus

170 1734 358 1769 Theodori
375 1736 671 1781 Porpliyrogeniti
692 1737 831 1781 princi-

173 1788 298 1827 patum
336 1785 494 1827 suscepit
521 1783 602 1821 206,
633 1783 665 1816 8.
687 1783 768 1825 216,
796 1784 830 1818 8.

173 1828 255 1869 239,
280 1829 313 1863 6.
339 1829 422 1870 306,
445 1829 499 1863 10.
524 1829 605 1870 340,
631 1831 688 1863 21.

127 1876 285 1910 loannes
305 1876 365 1909 Vl.
396 1888 415 1909 a
442 1883 541 1921 patre
572 1877 732 1919 Byzantii
774 1888 834 1910 re-

173 1934 282 1968 gnum
314 1929 350 1957 et
383 1924 658 1967 Monti'errariae
696 1924 831 1969 princi·

172 1972 228 2016 pis
256 1971 367 2003 filiam
412 1982 559 2004 uxorem
585 1973 723 2016 accepit
750 1970 830 2012 205,

174 2017 229 2053 10.
281 2018 478 2051 Sarmatiae
508 2018 682 2063 principis
719 2019 830 2050 tiliam

170 2065 208 2098 in
251 2066 518 2099 matrimonium
553 2065 657 2098 duxit
695 2064 743 2098 ib.
767 2065 829 2099 ·18.

171 2111 216 2144 ab
229 2113 317 2145 amn
325 2118 398 2146 rate
413 2111 456 2146 11.
477 2124 599 2158 pacem
613 2118 738 2145 nactus
750 2112 830 2153 238,

174 2159 230 2193 10.
257 2158 338 2200 239,
367 2160 420 2193 13.
479 2172 557 2192 cum
595 2161 703 2192 fratre
734 2160 830 2193 Con-

170 2208 329 2239 stantino
353 2207 390 2240 in
411 2207 698 2252 Peloponnesum
725 2207 829 2240 navi-

172 2254 270 2297 gavit
295 2253 340 2286 ad
358 2253 590 2287 Theodorum
611 2254 657 2286 ib.
677 2253 731 2287 16.
758 2254 831 2288 Ca-

172 2301 251 2334 rolo
278 2301 376 2345 Epiri
414 2302 572 2346 principi
609 2301 745 2334 bellum
772 2302 830 2334 in—

172 2347 260 2380 tulit
277 2354 326 2381 ·et
353 2348 569 2382 Clarentiam
598 2348 710 2382 Elidis
754 2360 829 2381 me-

173 2394 345 2440 tropolim
372 2395 737 2434 circumsedit240,4.
758 2396 829 2428 Ca-

171 2441 238 2473 roli
262 2442 713 2484 consobrinam,Leonardi
727 2443 828 2476 ducis

171 2487 293 2527 filiam,
307 2489 542 2523 Constantino
570 2491 670 2523 fratri
691 2502 829 2523 connu-

169 2534 232 2568 bio
267 2536 386 2569 iunxit
410 2536 459 2569 ib.
486 2537 519 2571 6.
582 2539 699 2571 Patras
723 2537 829 2570 obse-

174 2581 229 2615 dit
257 2583 305 2614 ib.
329 2583 383 2616 10.
434 2583 532 2617 urbis
559 2585 827 2630 oppugnatione

175 2628 415 2662 Constantino
435 2631 602 2664 mandata
623 2632 826 2674 Byzantium

173 2676 282 2708 rediit
309 2676 356 2712 ib.
380 2677 434 2712 11,
488 2690 565 2711 cum
592 2677 827 2712 Ianuensibus

171 2722 311 2755 bellum
341 2725 451 2767 gessit
471 2723 551 2764 284,
569 2726 597 2757 1.
648 2736 720 2770 quo
747 2726 827 2757 fini-

171 2775 208 2802 to
226 2769 271 2803 ad
288 2771 485 2815 Eugenium
507 2773 715 2817 pontificem
730 2774 827 2805 Rom.

1510 169 1605 215 583

955 275 1095 318 legatos
1119 274 1217 307 misit
1240 273 1420 319 petituros
1446 271 1492 305 de
1517 283 1619 306 com-

958 321 1127 367 ponenda
1157 321 1342 365 religionis
1374 321 1618 354 controversia

957 368 1039 409 287,
1057 369 1087 402 1.
1116 369 1244 414 ipsein
1266 367 1409 400 ltaliam
1434 368 1618 410 navigavit

956 421 994 448 et
1020 417 1201 448 Ferrariae
1226 415 1396 448 convenit
1418 414 1614 458 Eugenium

958 464 1169 507 pontificem
1197 462 1246 494 ib.
1272 461 1329 495 23.
1360 462 1442 494 hinc
1461 461 1615 494 Floren-

956 510 1042 542 tiam
1058 510 1242 554 profectus
1257 508 1404 549 est29l,
1420 508 1452 541 7.
1481 509 1614 542 unione

955 557 1151 590 constituta
1196 557 1404 599 Byzantium
1453 567 1614 588 reversus

956 603 1110 636 Graecos
1140 615 1158 636 a
1179 604 1388 636 Latinorum
1425 603 1614 636 sententiis

955 650 1108 684 offendit
1133 650 1348 684 dissidentes
1363 649 1444 691 294,
1474 649 1529 683 19.
1558 651 1613 683 le-

956 699 1028 741 gati
1054 697 1100 730 ab
1119 698 1281 742 Eugenio
1310 699 1419 730 missi*
1437 697 1482 730 ad
1498 697 1612 730 Grae-

955 756 1016 778 cos
1043 755 1078 777 re
1116 746 1251 779 infecta
1295 745 1441 777 domum
1479 744 1612 777 reversi

954 798 1039 824 sunt
1056 791 1136 832 295,
1152 793 1182 825 7.
1234 793 1360 825 Graeci
1388 803 1407 824 a
1439 791 1613 836 pontifice

951 838 1046 872 nihil
1071 839 1198 872 auxilii
1221 839 1462 884 impetrarunt
1483 838 1612 878 301,6.

951 885 996 919 ad
1021 887 1225 920 Amuratem
1263 888 1401 930 legatos
1436 887 1612 919 miserunt

952 943 1074 978 pacem
1096 939 1257 978 rogatum
1272 933 1424 973 305,18.
1454 932 1608 966 loannes

954 991 973 1012 a
1001 980 1183 1014 Demetrio
1218 981 1326 1013 fratre
1353 981 1511 1022 Byzantii
1542 979 1611 1012 ob—

951 1026 1092 1061 sidione
1115 1039 1258 1073 pressus
1271 1026 1353 1067 306,
1370 1027 1422 1060 19.
1475 1029 1609 1060 Deme-

953 1075 1062 1107 trium
1093 1086 1161 1107 una
1181 1087 1258 1108 cum
1286 1075 1362 1108 eius
1377 1086 1510 1118 genero
1522 1075 1610 1107 Asa-

949 1132 995 1154 ne
1013 1127 1156 1167 captum
1168 1123 1205 1155 in
1219 1133 1394 1155 carcerem
1412 1120 1608 1162 dedit307‚

948 1168 981 1201 2.
1034 1170 1219 1203 Demetrio
1245 1180 1367 1214 pacem
1394 1169 1531 1202 obtulit
1554 1167 1605 1201 ib.

948 1214 981 1249 6.
1031 1228 1109 1250 cum
1138 1217 1298 1260 Eugenio
1322 1216 1493 1261 pontifice
1517 1227 1607 1248 con-

949 1263 1030 1296 silia
1068 1265 1142 1308 egit
1182 1270 1305 1298 contra
1334 1264 1469 1297 Turcas
1496 1262 1546 1295 ib.
1573 1262 1606 1296 9.

949 1311 1057 1343 etiam
1107 1311 1153 1344 ad
1199 1311 1422 1344 Vladislaum
1463 1311 1607 1343 Panno-

947 1368 1033 1390 num
1058 1369 1177 1403 regem
1202 1359 1299 1392 misit
1324 1358 1463 1402 legatos
1488 1357 1605 1390 ib.11.

948 1405 1076 1438 iterum
1134 1407 1343 1445 Pannones,
1396 1405 1606 1450 pontificem

945 1452 1069 1493 Rom.,
1097 1453 1234 1493 Gallos,
1278 1451 1505 1497 Burgundiae
1539 1451 1608 1484 du-

945 1510 1020 1532 cem
1061 1506 1185 1533 contra
1224 1502 1360 1534 Tun-cas
1419 1499 1605 1542 instigavit

944 1546 1028 1587 322,
1059 1546 1112 1580 19.
1180 1559 1259 1580 cum
1292 1550 1460 1580 Amurate
1486 1545 1530 1579 11.
1568 1546 1606 1578 in

947 1593 1074 1627 foedus
1104 1594 1211 1628 rediit
1236 1594 1334 1641 quod
1371 1605 1444 1627 non
1474 1593 1607 1638 ampli-

946 1653 986 1674 us
1013 1642 1188 1674 violatum
1218 1649 1271 1675 est
1295 1640 1390 1682 340,
1418 1641 1472 1674 18.
1525 1651 1606 1673 cum

947 1689 1055 1721 fratre
1084 1689 1280 1723 Theodoro
1318 1689 1428 1732 gessit
1450 1688 1605 1721 inimici-

947 1737 1015 1768 tias
1045 1735 1127 1778 -I40,
1146 1737 1204 1770 21.
1254 1742 1416 1770 mortuus
1446 1741 1499 1768 est
1521 1733 1606 1775 341,

900 1829 1157 1863 Constantinus
1193 1830 1359 1874 Dragasis
1399 1829 1605 1863 Emanuelis

949 1877 973 1909 f.
1015 1887 1033 1908 a
1065 1877 1174 1909 fratre
1207 1877 1342 1909 Ioanne
1377 1887 1457 1920 rege
1494 1877 1607 1909 Grae-

946 1935 1067 1956 corum
1097 1924 1133 1955 in
1160 1924 1447 1968 Peloponnesum
1477 1923 1606 1956 ductus

947 1976 987 2003 ut
1011 1970 1196 2004 Theodori
1221 1972 1462 2016 principatum
1491 1971 1608 2003 susci-

944 2023 1048 2062 peret
1065 2017 1146 2058 239,
1167 2017 1221 2050 16.
1273 2018 1390 2051 Caroli
1411 2018 1508 2063 Epiri
1535 2017 1605 2050 du-

944 2065 990 2098 cis
1008 2065 1261 2098 consobrinam
1279 2065 1317 2097 in
1332 2066 1602 2098 matrimonium

946 2111 1050 2144 duxit
1073 2111 1202 2150 2-10,6.
1231 2112 1352 2145 Patras
1383 2113 1506 2146 urbem
1534 2111 1601 2145 ob-

945 2158 1039 2192 sedit
1065 2159 1112 2191 ib.
1143 2160 1196 2191 11.
1263 2166 1299 2192 et
1342 2159 1507 2192 dominio
1536 2171 1602 2192 suo

942 2207 1062 2239 iunxit
1081 2206 1160 2245 241,
1173 2206 1207 2239 4.
1258 2207 1294 2239 in
1313 2208 1604 2252 Peloponnesum

942 2254 1126 2298 profectus
1158 2254 1303 2286 fratrem
1323 2254 1368 2287 ad
1399 2254 1497 2297 regni
1523 2265 1604 2286 suc-

945 2303 1141 2334 cessionem
1169 2302 1334 2334 hortatus
1353 2308 1408 2335 est
1434 2300 1516 2341 305,
1545 2301 1603 2333 21.

943 2349 1049 2381 Lesbi
1077 2348 1178 2381 ducis
1197 2349 1305 2381 filiam
1326 2360 1471 2382 uxorem
1499 2348 1603 2381 duxit

942 2395 1025 2435 306,
1063 2396 1093 2427 1.
1146 2396 1306 2434 Gotzini,
1341 2407 1435 2440 quae
1474 2395 1603 2428 Lemni

945 2442 1026 2475 urbs
1044 2448 1110 2483 est,
1140 2454 1158 2475 a
1179 2443 1380 2476 Meclimete
1408 2441 1602 2476 obsidione

943 2496 1091 2523 vexatus
1118 2495 1171 2523 est
1199 2490 1290 2523 ih.3.
1342 2490 1459 2522 fratris
1488 2488 1596 2523 ioan*

942 2537 998 2569 nis
1029 2537 1124 2569 iussu
1152 2538 1189 2568 in
1225 2537 1513 2581 Peloponnesum
1542 2548 1599 2569 re—

943 2583 1013 2616 diit
1048 2584 1097 2616 ib.
1120 2583 1174 2616 10.
1238 2583 1424 2617 Theodori
1452 2584 1598 2627 regione

942 2636 1098 2663 assumta
1135 2631 1396 2676 propemodum
1446 2631 1596 2664 univer-

942 2689 1014 2710 sam
1030 2678 1315 2722 Peloponnesum
1333 2684 1475 2723 praeter
1493 2679 1596 2710 Tho-

942 2737 1021 2756 mae
1062 2725 1177 2758 fratris
1214 2727 1394 2768 regionem
1435 2725 1598 2758 obtinuit

940 2771 1019 2811 318,
1051 2772 1102 2805 14.
1168 2774 1342 2807 accersito
1371 2775 1476 2806 fratre
1506 2773 1597 2805 isth-
