1884 3178
471 212 544 252 DE
583 211 758 252 REBUS
794 207 1052 251 TURclcls
1083 210 1130 249 L.
1158 211 1191 248 1.
1506 199 1570 249 49

100 330 171 358 νον
203 308 298 356 ὅποι
326 308 380 355 ἂν
407 312 496 353 δέοι
522 328 580 368 πῃ
609 314 823 364 παρεῖναι.
879 310 1016 350 ταῦτα
1046 309 1125 361 μὲν
1156 302 1232 349 οὖν
1261 308 1572 361 διειλεγμένους

99 378 298 435 ἀλλήλοις
326 379 660 420 ἀποδείκνυσθαι
685 374 856 429 γνώμας
883 374 934 416 οὔ
962 377 1040 416 τοῦ
1068 374 1238 422 δέοντος
1269 375 1462 422 ἐλλιπεῖς.

211 442 478 498 Ἀμουράτης
504 444 583 496 μὲν
620 437 697 483 οὖν
726 440 847 482 διιὼν
888 439 1110 495 ἁπανταχῇ
1140 439 1198 487 ὦς
1227 439 1421 494 τάχιστα,
1452 440 1684 488 δ’έουςΡ.25

100 526 146 555 τε
175 509 361 565 ἐπλήρου
401 506 566 551 ἅπαντα
609 509 684 549 καί
711 507 932 563 φυλακῆς,
960 508 1188 562 Χαρατίνῃ
1215 504 1436 560 χριόμενος
1464 505 1578 560 ὖπη-

67 580 199 635 5ρὲτῃ
236 579 294 634 τῷ
331 575 472 618 πάντα
511 576 667 631 α’ρίστῳ
708 571 783 615 καί
829 574 872 621 ἐς
909 570 956 614 τὸ
995 569 1310 624 συλλαμβάνειν
1350 572 1471 629 αὐτῷ
1507 570 1581 612 καί

101 643 245 686 ὁτιοῦν
284 643 663 694 ξυνεπιλαβέσθαι,
707 638 781 680 καί
821 635 1069 692 ἐπιτηδείως
1107 635 1250 690 ἔχοντι
1282 639 1325 686 ἐς
1367 637 1418 679 τὰ
1447 635 1581 690 μάλι-

100 726 210 763 στα,
257 709 331 750 καί
367 707 443 750 οὐκ
473 706 594 761 ὄλῖγα
638 707 682 755 ές
728 703 803 760 την
846 699 985 758 ἀρχὴν
1027 703 1143 761 αὐτῷ
1171 707 1440 760 ποιησαμένῳ
1471 702 1580 744 κατὰ

102 775 180 830 τὴν
210 773 432 829 Εὖροόπην.
493 771 729 828 ὑπηγάγετο
751 773 831 823 μὲν
861 766 938 812 οὖν
964 770 1118 812 τοσάδε
1146 767 1249 824 ἔθνη
1268 772 1342 811 καί
1367 768 1581 824 ἡγεμόνας

102 841 203 892 τούς
230 842 276 883 ἐν
304 845 352 896 τῇ
384 838 571 896 Ειῖρωπῃ
613 841 655 887 ἐς
703 837 848 894 φόρων
876 852 920 879 τε
963 835 1194 891 ἀπαγωγήν
1231 835 1304 877 καί
1346 837 1579 889 συνεπομέ-

49 910 203 957 Ῑθνους
244 907 361 965 αὐτῷ
390 904 486 948 ὅποι
530 901 582 946 ἂν
610 903 896 960 στρατεύοιτο.
958 902 1166 957 Ἑλλήνων
1204 905 1394 955 βασιλεῖς
1419 899 1509 956 εἶχέ
1539 899 1577 943 οἱ
1593 916 1692 952 v,20

103 976 478 1029 στρατευομένους.
536 972 834 1028 Ἐμμανουήλῳ
866 971 912 1011 δὲ
945 970 1144 1024 ἠρέσκετο
1171 970 1361 1021 μάλιστα
1392 968 1442 1022 δὴ
1475 971 1580 1021 ξυμ-

104 1037 270 1082 πάντων
293 1036 510 1094 Ἐλλήνων.
571 1035 660 1092 εἶχε
691 1039 738 1079 δὲ
768 1038 841 1079 καὶ
868 1038 953 1078 ταῖν
970 1037 1142 1078 Μυσῶν
1172 1037 1365 1090 βασιλέα,
1393 1034 1500 1089 πρὸς
1533 1036 1580 1075 δὲ

105 1107 180 1148 καί
204 1105 424 1161 Δράγασιν
443 1103 518 1147 τὸν
534 1102 709 1159 Ζάρκου
741 1104 876 1145 παῖδα
905 1101 979 1144 καί
995 1101 1258 1156 Μπόγδανον
1278 1101 1349 1143 τὸν
1376 1100 1455 1156 τὴν
1478 1101 1580 1144 ‘Po-

106 1172 240 1227 δόπην
268 1173 500 1226 κατέχοντα
543 1169 617 1212 καί
655 1167 812 1218 ἄλλους
848 1168 950 1217 τούς
990 1170 1035 1210 ἐν
1064 1170 1116 1225 τῇ
1154 1168 1343 1225 Εὐρώπῃ
1375 1167 1580 1222 ἡγεμόνας

51 1241 95 1276 15
106 1239 182 1280 καί
210 1240 457 1292 Τριβαλλῶν
485 1236 558 1279 καί
579 1234 785 1291 Ἑλλήνων
803 1236 877 1278 καὶ
906 1236 1133 1288 Ἀλβανῶν.
1167 1233 1334 1276 τούτων
1364 1236 1412 1276 δὲ
1439 1233 1577 1276 ἁπάν-
1596 1248 1620 1280 Β

105 1321 187 1347 των
217 1306 654 1359 κατεστρατευμένων,
685 1305 758 1344 καί
789 1304 873 1344 τῶν
909 1303 954 1344 ἐν
981 1303 1035 1359 τῇ
1062 1303 1182 1359 Ἀσίᾳ
1214 1299 1432 1356 ἡγεμόνων
1462 1300 1579 1356 αότῷ

106 1372 404 1423 συνεπομένων
431 1372 475 1419 ἐς
503 1369 604 1419 τούς
635 1371 843 1422 πολέμους
871 1364 1030 1423 ἤλαυνε
1058 1370 1106 1411 δὲ
1138 1370 1358 1409 τελευταῖν.
1418 1366 1474 1416 ὡς
1500 1367 1579 1419 μὲν

107 1431 396 1491 οὖν”Ελληνες
421 1439 783 1489 κατεστραμμένοι
822 1433 1100 1478 ἐδεδούλωντο
1126 1433 1370 1491 Ἀμουροίτῃ
1398 1435 1456 1490 τῷ
1484 1433 1581 1487 Ὀρ-

104 1499 261 1557 gaium,
290 1504 363 1544 καί
390 1499 596 1556 πρότερόν
624 1517 698 1554 μοι
739 1501 988 1557 δεδήλωται.
1057 1502 1132 1542 καί
1162 1501 1236 1541 νῦν
1266 1501 1314 1542 δὲ
1342 1498 1493 1542 τοσάδε
1526 1495 1580 1541 ἂν

47 1569 95 1604 20
106 1571 266 1623 λέγοιτο
293 1570 337 1617 ἐς
366 1567 603 1624 ὑπόμνησιν
635 1566 801 1616 ἱκανῶς.

203 1634 407 1690 ’Ἰωάννης
447 1634 530 1689 γὰρ
575 1635 708 1676 ἐπείτε
741 1635 919 1687 κατέσχε
960 1634 1038 1688 τὴν
1076 1635 1310 1687 βασιλείαν,
1343 1632 1582 1680 συνελάσας

199 1753 232 1788 5.
257 1752 319 1801 τῷ]
345 1746 418 1788 tol?
516 1751 571 1786 10.
601 1752 866 1796 στρατεύοιντο
894 1752 937 1784 P:
972 1762 1052 1784 corr
1080 1751 1111 1783 H
1210 1751 1263 1783 11.
1291 1750 1332 1786 δὲ
1359 1751 1383 1784 Ρ

106 1858 288 1902 negligat,
326 1857 536 1901 ubicunque
578 1866 641 1888 sua
668 1854 871 1900 praesentia
906 1866 996 1899 opus
1022 1853 1143 1886 fuerit.
1203 1853 1288 1886 talia
1315 1865 1394 1885 cum
1422 1853 1517 1886 inter
1540 1864 1577 1885 se

105 1905 315 1938 conferrent
342 1904 634 1943 sermocinantes,
659 1902 942 1947 pronuntiarunt
959 1901 1172 1941 sententias,
1201 1907 1376 1946 quantum
1392 1901 1576 1945 pertinere

105 1951 249 1987 videtur
274 1950 320 1984 ad
347 1962 402 1984 res
429 1949 616 1995 gerendas,
640 1960 873 1995 nequaquam
899 1949 1061 1982 inutiles.

195 2010 378 2043 Amurates
402 2019 621 2054 quocunque
649 2008 820 2041 movisset
849 2008 1048 2048 exercitus,
1074 2007 1196 2040 statim
1222 2010 1339 2039 metus
1365 2005 1578 2039 adversariis

107 2056 354 2091 oboriebatur.
413 2055 573 2101 hincque
599 2060 765 2088 accurate
788 2055 868 2087 loca
898 2066 960 2087 sua
994 2054 1221 2087 muniebant.
1273 2064 1356 2086 usus
1385 2059 1440 2086 est
1467 2064 1577 2098 opera

75 2129 81 2135 .
107 2103 311 2138 Charatinis
335 2103 404 2138 viri
433 2103 572 2148 optimi,
597 2104 660 2148 qui
691 2102 730 2135 in
756 2101 925 2135 omnibus
953 2112 1192 2147 quaecuuque
1210 2112 1272 2133 rex
1300 2101 1418 2133 facere
1448 2111 1576 2144 aggre-

106 2150 284 2191 diebatur,
310 2162 456 2197 operam
483 2161 583 2183 suam
609 2151 743 2182 locavit
769 2148 1011 2190 indefessam,
1046 2149 1194 2194 regique
1232 2148 1386 2180 maxima
1415 2148 1575 2180 necessi-

105 2197 234 2232 tudine
257 2197 446 2232 devinctus
485 2197 565 2230 fuit.
617 2197 764 2230 adiutus
799 2196 844 2229 ab
881 2197 949 2229 isto
975 2196 1051 2229 viro
1077 2207 1151 2228 non
1184 2194 1326 2228 modica
1355 2195 1454 2234 fecit,
1481 2206 1575 2239 quae

105 2245 309 2279 tendebant
342 2244 388 2278 ad
414 2243 681 2288 subiugandum
706 2244 776 2277 sibi
805 2243 969 2289 Europae
1002 2243 1205 2288 imperium.
1257 2247 1313 2275 tot
1336 2242 1405 2275 sibi
1433 2240 1577 2286 subegit

105 2298 241 2336 gentes,
272 2297 328 2327 tot
352 2293 391 2326 in
409 2293 552 2336 Europa
579 2291 688 2324 duces
709 2290 930 2336 stipendium
954 2289 1180 2335 pendentes3
1207 2295 1396 2335 praeterea
1414 2289 1574 2322 Graeco-

105 2351 183 2373 rum
208 2344 346 2383 gentes,
370 2350 464 2385 quae
489 2338 723 2383 cogebantur,
752 2348 971 2384 quocunque
1010 2343 1183 2370 terrarum
1221 2336 1395 2376 duxisset,
1422 2338 1574 2368 Amura-

105 2392 178 2420 tem
203 2387 419 2420 militantem
443 2385 627 2431 subsequi.
678 2385 874 2418 Emanuele
903 2395 988 2430 prae
1016 2384 1185 2417 omnibus
1208 2384 1354 2417 Graecis
1378 2383 1573 2428 plurimum

105 2433 366 2468 delectabatur.
415 2434 453 2466 in
483 2433 660 2467 Amuratis
687 2437 906 2478 potestatem
942 2430 1090 2464 devenit
1117 2443 1179 2464 rex
1207 2431 1405 2474 Mysiorum
1437 2430 1574 2473 Drage-

105 2491 175 2521 ses,
202 2481 300 2514 Zarci
326 2480 434 2520 filius,
463 2491 530 2513 nec
553 2491 628 2513 non
659 2479 874 2524 Pogdanus,
899 2479 960 2524 qui
1000 2478 1201 2523 Rhodopen
1230 2478 1381 2522 imperio
1408 2477 1570 2510 tenebat.

105 2539 285 2561 accessere
310 2528 348 2560 in
374 2526 554 2560 dicionem
592 2533 628 2560 et
652 2527 714 2559 alii
747 2527 926 2571 Europaei
952 2525 1086 2567 duces,
1112 2525 1359 2559 Triballorum
1385 2523 1571 2562 videlicet,

105 2575 324 2608 Graecorum
350 2580 388 2607 et
412 2574 644 2608 Albanorum.
704 2573 759 2607 his
787 2573 955 2607 omnibus
994 2573 1145 2618 imperio
1173 2584 1238 2604 suo
1268 2571 1437 2612 admotis,
1463 2572 1571 2604 etiarn

105 2622 244 2656 Asianis
277 2620 429 2654 ducibus
467 2622 640 2666 stipatus,
668 2620 840 2666 deinceps
880 2620 1067 2666 quoslibet
1094 2619 1193 2652 bello
1229 2619 1404 2651 lacessere
1432 2619 1571 2652 statuit.

105 2669 235 2703 Graeci
263 2679 336 2714 quo
361 2673 466 2716 pacto
492 2679 535 2701 ex
561 2680 670 2713 reguo
705 2669 743 2701 in
762 2667 973 2701 servitutem
999 2666 1210 2706 ceciderint,
1241 2666 1310 2698 iam
1335 2671 1420 2698 ante
1447 2667 1574 2711 expla-

46 2727 47 2730 ’
106 2717 281 2750 navimus.
330 2713 514 2761 praedicta
542 2726 640 2748 nunc
665 2715 823 2749 breviter
848 2715 886 2748 in
920 2714 1126 2748 memoriam
1155 2724 1323 2746 revocare
1351 2713 1462 2746 iuvat.

202 2775 356 2807 loannes
380 2772 426 2805 ad
454 2774 552 2817 regni
581 2773 824 2817 gubernacula
852 2778 999 2807 evectus
1029 2772 1330 2811 Cantacuzenum,
1363 2775 1575 2804 antecesso-

1301 2845 1312 2862 s

194 2846 512 2893 Chalcocondylas
521 2871 528 2880 .
1297 2860 1316 2887 ἦ
