1774 3204
251 190 344 233 2:30
567 193 711 233 LAON
718 194 783 234 lCl
826 193 1332 236 CHALCOCONDYLAE

251 287 509 340 καλούμενοι,
539 287 620 328 οἷπό
648 303 690 330 τε
719 290 868 337 Ἀσίας
891 293 962 332 καί
987 292 1204 343 Αἰγύπτου
1234 291 1304 332 καί
1331 292 1380 345 δὴ
1414 293 1485 334 καί
1513 293 1681 346 Λιβύης

207 353 367 408 Ὸαύτῷ
396 354 437 400 ἐς
471 352 545 400 τὰς
573 353 710 406 θύρας
738 354 1089 408 παραγενόμενοι,
1116 359 1187 397 καί
1215 358 1362 410 α’ρετῆς
1391 354 1680 408 ἀντιποιούμε-

250 431 312 457 νοι
341 415 478 458 ἔναντι
503 421 720 474 βασιλέως,
748 421 1060 471 μεμισθωμένοι
1092 421 1208 476 αὐτῷ
1237 421 1257 460 ὅ
1286 422 1362 472 μὲν
1390 423 1571 470 πλείονος
1590 420 1611 462 ὅ
1635 423 1680 462 δὲ

249 479 476 529 ἐλάττονος.
532 483 687 524 τούτων
727 485 772 524 δὲ
805 483 970 535 ἔχονται
998 484 1275 539 οἳλοφατζίὸες
1307 483 1344 525 οἱ
1373 487 1584 537 μισθωτοί
1607 502 1679 526 κα-

247 548 467 597 λούμενοι,
495 548 610 601 α’μφί
635 547 731 595 τούς
758 545 1034 596 ὀκτακοσίους.
1091 548 1250 590 τούτων
1286 551 1331 590 δὲ
1361 545 1488 598 αὖθις
1513 548 1713 603 ἔχονται5

247 607 285 650 οἱ
313 613 515 663 σπαχίδες
543 613 805 664 καλούμενοι,
837 611 952 666 ἀμφὶ
978 611 1074 661 τούς
1102 615 1348 662 διακοσίους.
1383 606 1551 654 051026’
1577 614 1681 654 εἰσίν

248 672 286 714 οἱ
313 677 396 715 τῶν
423 675 638 729 α’ρχόντων
665 679 823 731 παῖδες,
855 671 913 718 ὧν
939 679 1035 725 τοὺς
1063 680 1140 729 μὲν
1167 678 1249 717 ἀπὸ
1286 679 1362 719 τοῦ
1390 680 1583 726 κοιτῶνος
1612 678 1682 718 ἐκ-

247 739 390 791 βαλών
418 740 460 788 ἐς
487 739 637 794 ταύτην
666 738 818 789 αὖτοὺς
856 744 1074 794 καθίστησι
1107 741 1182 795 τὴν
1209 742 1365 796 χώραν,
1392 740 1489 789 τούς
1515 743 1560 783 δὲ
1589 743 1679 782 ἐπι-

249 805 466 855 λεξάμενος
513 807 701 847 ἐνταῦθα
744 805 831 859 ἔχει
876 806 931 854 ὥς
973 807 1136 860 αἰιδραῖν
1170 809 1324 855 παῖδας
1366 808 1538 861 elya-9631!
1563 821 1683 859 γενο-

248 871 414 919 μένους.
1696 892 1739 926 10

361 935 454 975 Καί
489 932 534 974 αἱ
573 936 651 986 μὲν
692 936 849 987 θύραι,
882 932 936 982 ὥς
970 932 1175 984 ξυνελόντι
1203 950 1276 986 μοι
1307 933 1458 990 φάναι,
1487 931 1595 977 οὕτω
1621 951 1684 977 τε-

250 997 458 1050 wigurm·
515 999 591 1039 δύο
619 1001 664 1040 δὲ
692 998 771 1040 ὑπὸ
802 1001 1006 1052 βασιλέως
1039 1001 1079 1046 ἐς
1109 998 1326 1050 ξύμπασαν
1358 1001 1472 1057 αὐτῷ
1499 999 1573 1054 τὴν
1609 1001 1684 1054 α’ρ-

116 1061 330 1114 Ρ.123χην
360 1063 636 1104 καθίστανται
665 1067 916 1117 στρατηγοί,
945 1064 966 1104 ὁ
990 1067 1066 1115 μὲν
1114 1066 1187 1116 τῆς
1222 1064 1427 1118 Εὐρώπης
1469 1063 1488 1105 ὅ
1527 1067 1573 1106 δὲ
1615 1067 1686 1118 τῆς

245 1127 414 1174 ’Λσιἀς.
470 1127 543 1168 καὶ
570 1127 724 1170 τούτων
754 1125 934 1184 ἑκατέρῳ
963 1131 1129 1169 ἕπονται
1166 1128 1264 1170 τάτε
1295 1127 1586 1182 στρατεύματα
1614 1132 1687 1171 καί

250 1190 290 1231 οἷ
318 1186 541 1245 ἄρχοντες,
570 1190 666 1232 ὅποι
694 1189 746 1233 ἂν
778 1195 1014 1246 ἐξηγῶνται,
1042 1192 1212 1234 ἐπειδὰν
1243 1191 1461 1249 ἑπαγγείλῃ
1492 1195 1633 1242 αὐτοῖς
1662 1193 1741 1240 615

249 1257 461 1307 βασιλεύς.
495 1259 659 1298 ἕπονται
688 1259 734 1298 δὲ
763 1258 904 1305 αότοῖς
931 1257 1003 1297 καί
1031 1255 1069 1298 οἱ
1096 1254 1280 1310 ’ὕπαρχοι
1308 1261 1406 1309 παρ’
1440 1259 1582 1306 αὐτοῖς
1613 1275 1687 1312 ση-

249 1320 478 1374 μαιοφόροι
508 1322 785 1373 καλούμενοι·
861 1321 1032 1362 ἐπειδὰν
1069 1321 1147 1374 γὰρ
1187 1323 1229 1370 ἐς
1272 1321 1344 1375 τήν
1373 1322 1509 1375 α’ρχὴν
1532 1321 1688 1376 ταύτην

251 1384 332 1425 ’ὑπὸ
362 1387 567 1438 βασιλέως
592 1388 853 1441 καθίστηται,
881 1388 1039 1443 σημαία
1066 1402 1110 1427 τε
1139 1389 1332 1439 δωρεῖται
1360 1386 1488 1428 αυ’τὸν
1517 1386 1539 1428 ὅ
1565 1390 1687 1439 βασι-

253 1449 351 1498 λεύς
393 1447 450 1497 ὥς
495 1452 712 1507 στρατηγῷ
756 1453 957 1506 γενομένῳ
1003 1453 1076 1492 καί
1111 1452 1271 1492 πολλῶν
1312 1447 1483 1504 ἄρχοντι
1522 1451 1690 1494 πόλεων.

258 1513 391 1570 τούτῳ
438 1516 478 1554 δ’
524 1511 579 1555 αὖ
623 1518 677 1570 τῷ
705 1515 884 1571 ὑπάρχῳ
917 1518 1085 1557 ἕπονται
1124 1514 1161 1556 οἱ
1201 1518 1284 1556 τῶν
1308 1513 1467 1557 πόλεων
1495 1512 1747 1568 ἄρχοντεςρο

256 1574 351 1618 ὅποι
378 1578 670 1633 στρατεύηται.
723 1583 911 1633 χωροῦσι
941 1583 985 1621 δὲ
1013 1579 1186 1628 ἅπαντες
1216 1579 1317 1621 κατὰ
1347 1582 1474 1621 ταῦτα
1500 1578 1692 1631 ἑπόμενοι

259 1649 346 1690 τοῖς
377 1647 596 1698 σφετέροις
628 1646 766 1686 αι’τῶν
799 1641 1036 1697 ιῖρχουσίτε
1067 1645 1138 1685 καί
1164 1651 1420 1699 στρατηγοῖς,
1449 1645 1619 1686 ἐπειδάν
1650 1646 1692 1693 ἐς

219 1707 303 1749 Βτὸ
333 1711 537 1760 βασιλέως
565 1713 877 1764 παραγένωνται
899 1709 1184 1764 στρατόπεδον.
1243 1707 1347 1763 αὕτη
1377 1709 1528 1763 σχεδὸν
1554 1707 1580 1762 ἦ
1611 1711 1693 1750 τῶν

351 1813 408 1847 20.
433 1809 479 1846 αὖ
503 1813 567 1860 τῷ]
596 1813 693 1859 αὐτῷ
716 1815 740 1846 Ρ

262 1920 381 1952 dinem
408 1919 540 1950 allecti.
588 1918 652 1950 hos
673 1918 852 1961 attingunt
877 1917 1066 1962 Caripedes
1085 1917 1274 1962 peregrini,
1301 1918 1369 1950 isto
1393 1918 1537 1950 nomine
1562 1918 1691 1958 notati,

263 1965 360 2010 quod
388 1964 433 1996 ab
459 1965 539 1996 Asia
557 1965 716 2008 Aegypto
743 1971 778 1996 et
797 1965 912 1996 Africa
939 1965 975 1996 in
997 1966 1118 1996 ianuas
1142 1964 1306 2006 veniant3
1333 1969 1369 1996 et
1395 1968 1598 1996 exercentes
1622 1964 1694 1996 for..

262 2011 454 2044 titudinem
477 2010 673 2042 mirabilem
702 2010 861 2042 mercede
895 2022 914 2042 a
941 2021 1019 2053 rege
1045 2009 1300 2049 conducuntur,
1333 2010 1423 2041 alius
1447 2009 1591 2053 quidem
1615 2020 1691 2042 ma-

263 2059 350 2097 iore,
380 2057 469 2088 alius
493 2067 575 2089 vero
611 2057 759 2088 minore.
820 2056 875 2088 his
901 2056 1023 2088 ordine
1058 2056 1207 2099 proximi
1236 2061 1317 2087 sunt
1344 2055 1605 2098 Alophatzides,
1630 2056 1691 2100 qui

262 2103 468 2136 mercenarii
507 2102 695 2141 dicuntur,
723 2103 785 2145 qui
824 2113 971 2137 numero
1008 2107 1090 2134 sunt
1126 2101 1330 2144 octingenti.
1385 2101 1428 2132 ab
1463 2101 1517 2133 his
1538 2100 1692 2134 tendunt

265 2149 470 2194 Spachides‚
497 2159 644 2192 quorum
673 2147 796 2180 cohors
822 2149 991 2180 ducentos
1027 2148 1286 2191 complectitur.
1332 2145 1370 2178 hi
1394 2153 1476 2179 sunt
1499 2146 1626 2179 ducum
1654 2152 1690 2180 et

263 2196 463 2240 principum
488 2195 565 2234 filii,
601 2206 690 2239 quos
728 2193 771 2226 de
797 2205 860 2226 suo
888 2194 1051 2226 cubiculo
1083 2205 1142 2225 rex
1176 2193 1318 2225 eiiciens
1346 2193 1383 2224 in
1408 2193 1512 2225 istum
1537 2193 1689 2226 militiae
1723 2214 1725 2216 -

265 2242 425 2275 ordinem
450 2241 572 2280 mittit,
598 2245 633 2272 et
657 2241 746 2272 alios
770 2241 805 2271 in
831 2242 1023 2272 eiectorum
1048 2240 1162 2272 locum
1188 2238 1383 2271 substituit.

357 2289 396 2319 ln
414 2287 480 2319 hoc
507 2297 610 2329 grege
635 2297 693 2318 eos
718 2287 849 2318 retinet
877 2287 939 2331 qui
967 2286 1118 2318 virorum
1146 2285 1319 2317 bonorum
1350 2290 1386 2317 et
1410 2284 1599 2317 illustrium
1623 2284 1689 2316 filii

264 2339 463 2366 censentur.
511 2333 569 2365 hic
594 2338 656 2371 est,
685 2337 722 2364 ut
746 2333 867 2376 paucis
893 2332 1018 2370 dicam,
1048 2333 1231 2363 ianuarum
1253 2330 1350 2362 ordo.
1398 2331 1582 2362 universae
1607 2341 1692 2362 suae

264 2379 488 2413 monarchiae
521 2390 581 2410 rex
611 2378 698 2410 duos
742 2379 930 2422 praeponit
970 2376 1214 2421 imperatores:
1254 2388 1343 2409 unus
1380 2377 1563 2420 Europae,
1589 2387 1694 2421 quem

265 2428 403 2459 Bassam
429 2426 574 2458 Romani
598 2424 801 2468 appellant,
827 2425 917 2456 alter
942 2424 1041 2456 Asiae
1080 2424 1198 2464 (Bassa
1223 2423 1408 2455 Anatoliae
1432 2423 1504 2455 sive
1530 2422 1695 2454 Natoliae

267 2473 397 2515 dictus)
421 2473 613 2514 imperator
639 2476 872 2514 nuncupatur.
898 2469 962 2501 hos
990 2474 1186 2513 sequuntur
1212 2469 1336 2512 copiae
1361 2470 1544 2501 universae
1567 2473 1604 2500 et
1627 2467 1695 2500 ‹lu-

268 2529 324 2550 ces
349 2517 491 2561 reliqui,
516 2527 730 2562 quocunque
761 2516 888 2548 molem
913 2521 1100 2554 avertunt,
1135 2516 1230 2547 iussu
1268 2515 1369 2558 regis.
1419 2515 1565 2548 comites
1592 2525 1629 2546 se
1652 2514 1695 2546 iis

268 2565 422 2606 iungunt
445 2569 480 2595 et
515 2563 718 2609 praesides,
745 2573 833 2607 quos
858 2562 1044 2605 signiferos
1081 2562 1283 2594 nominant:
1319 2561 1380 2593 ubi
1405 2561 1497 2593 enim
1525 2561 1562 2592 in
1587 2561 1694 2593 istum

269 2610 428 2642 ordinem
455 2610 589 2642 fuerint
616 2609 734 2642 allecti
761 2619 780 2640 a
808 2619 900 2651 rege,
919 2607 1098 2640 donantur
1124 2608 1243 2651 signis,
1267 2613 1306 2640 ut
1324 2608 1385 2652 qui
1403 2606 1508 2639 duces
1533 2611 1570 2639 et
1592 2617 1696 2651 prae·

269 2655 362 2688 sides
397 2657 468 2688 sint
509 2656 698 2688 multarum
735 2654 888 2687 urbium.
949 2653 1044 2686 hunc
1080 2653 1280 2698 praesidem
1313 2653 1524 2687 comitantur
1555 2652 1695 2684 urbium

269 2702 445 2747 principes
485 2708 519 2735 et
541 2702 781 2746 magistratus,
820 2711 1034 2746 quocunque
1063 2711 1140 2733 cum
1169 2701 1324 2734 exercitu
1348 2699 1591 2745 proficiscitur,
1616 2709 1694 2731 cum
