1884 3178
488 208 559 246 DE
585 207 759 246 REBUS
800 205 1053 247 TURCICIS
1095 208 1231 246 Lm.
1491 202 1581 246 129

117 307 200 352 σύν
230 309 285 365 τῷ
313 308 481 363 στρατῷ
518 303 652 348 αύτοῦ
694 307 860 348 διιέναι.
929 306 1095 347 Σκύθαι
1123 309 1201 358 μὲν
1232 299 1352 347 οὗτοι
1379 307 1426 346 τὸ
1454 303 1585 347 πάλαι.

119 375 164 424 ἒς
190 374 343 428 μοίρας
373 371 493 422 τινὰς
522 368 766 429 διῃρημένοι
794 372 988 424 ἐνέμοντο
1027 370 1104 425 την
1129 369 1278 425 χώραν
1308 372 1390 413 α’πό
1414 366 1585 427 Ἴστρου

119 439 213 484 ἔστε
242 440 315 482 ἐπὶ
341 437 442 487 τούς
473 435 552 479 ὕπὸ
584 436 657 480 τόν
686 438 931 480 Καύκασον.
992 439 1068 479 νῦν
1096 438 1143 478 δὲ
1173 440 1290 491 γένος
1317 438 1395 490 μέν
1420 454 1461 480 τι
1491 435 1588 479 τού-

118 522 202 550 των
229 508 273 555 ἐς
301 505 379 560 τήν
417 502 566 548 Ἀσιάν
593 504 812 558 γενόμενον
829 535 842 557 ,
881 502 933 546 τὰ
962 502 1068 558 πρὸς
1097 502 1152 545 ἕω
1186 504 1320 546 αὐτοῦ’
1345 519 1389 546 τε
1422 505 1589 557 ἐνοικῆ-

85 587 200 621 5σαν
230 571 304 626 τήν
331 571 402 614 ἐπὶ
438 570 542 614 τάδε
571 572 647 624 τῆς
683 571 827 619 Ἀσίας
853 569 1015 624 χώραν,
1044 571 1117 612 καί
1143 570 1216 613 ἐπὶ
1243 571 1377 612 πολλὰ
1406 587 1588 624 τετραμ-

118 640 270 693 μένον,
299 641 540 691 Σαχαταῖοι
571 635 840 691 ἐκλήθησαν,
868 637 976 691 ὑπὲρ
1007 636 1086 691 τήν
1114 639 1198 679 τῶν
1228 641 1413 692 Περσῶν
1441 639 1590 691 χώραν

119 708 165 754 ἐς
192 705 290 753 τούς
315 704 480 752 Σάκκας
507 719 550 745 τε
569 702 642 744 καί
669 704 944 751 Καδδαιόυς·
1001 699 1079 759 ἀφ’
1106 698 1165 745 ὧν
1196 703 1247 759 δὴ
1284 707 1358 745 καί
1394 701 1591 758 Τεμήρην

121 770 257 813 αὐτὸν
285 769 446 813 οἴονται
486 770 699 824 γεγονέναι
728 772 848 819 τινές.
907 768 995 812 ἔστι
1033 771 1079 811 δὲ
1112 773 1238 812 τοῦτο
1268 773 1387 825 γένος
1412 766 1592 822 ὅλκιμόν

118 852 162 879 τε
191 838 276 879 ταῖν
303 836 410 878 κατὰ
438 834 516 890 τὴν
546 837 692 878 Ἀσίαν
721 838 795 877 καί
830 834 1190 890 πολεμικώτατον,
1221 837 1295 878 καί
1321 835 1400 879 σύν
1429 836 1591 884 τούτοις

66 913 110 948 10
121 905 282 958 λέγεται
319 899 514 957 Τεμήρης
540 901 618 956 τὴν
644 902 868 956 ἡγεμονίαν
895 905 978 944 τῶν
1016 905 1061 945 ἐν
1089 905 1137 959 τῇ
1163 902 1282 960 Ἀσίᾳ
1312 905 1633 957 παραλαβεῖν,1)

119 967 231 1025 πλὴν
259 969 410 1013 Ἰνὸαἷν.
470 966 507 1010 οἱ
538 969 585 1009 δὲ
630 969 772 1009 λοιποί
802 967 969 1010 Σκύθαι
1003 968 1110 1010 κατὰ
1143 969 1270 1010 ταύτὸ
1305 969 1521 1024 φρονοῦσί
1546 985 1592 1010 τε

120 1037 195 1078 καί
219 1034 297 1091 ὑφ’
326 1032 390 1077 ἔνι’
414 1031 622 1088 ἄρχονται
651 1038 840 1089 βασιλεῖ’,
879 1033 987 1076 κατά
1025 1034 1199 1089 Ου’ρδάν
1227 1034 1302 1090 τὴν
1329 1038 1593 1090 καλουμένην

121 1100 280 1157 α’γορὰν
319 1101 370 1144 τά
401 1104 600 1156 βασίλεια
640 1099 908 1155 ποιούμενοι,
937 1097 1286 1155 ἀποδεικνύμενοι
1314 1104 1439 1157 σφίσι
1468 1105 1593 1155 βασι-

120 1171 197 1210 λέα
225 1171 374 1223 γένους
403 1183 448 1211 τε
478 1163 579 1210 ὄντα
610 1170 689 1210 τοῦ
720 1169 940 1221 βασιλείου
971 1166 1015 1209 τὸ
1043 1167 1339 1210 παλαιότατον.
1396 1168 1469 1209 καί
1502 1166 1595 1210 ἔστι

66 1242 108 1276 15
122 1233 175 1288 δὴ
202 1233 277 1276 καὶ
305 1233 500 1288 ἀλλαχοῦ
525 1235 598 1288 τῆς
614 1234 825 1289 Εὖριόπης
857 1236 899 1282 ἐς
926 1233 1000 1276 τὸν
1020 1232 1246 1288 Βόσπορον
1271 1240 1404 1288 μοῖρα
1431 1232 1594 1276 τούτων

121 1297 197 1342 ούκ
221 1299 363 1356 ὄλίγη,
408 1299 490 1342 α’νοὶ
519 1298 595 1354 τὴν
635 1301 783 1355 χώραν
811 1299 972 1355 ταύτην
1003 1301 1367 1353 διεσκεδασμένον,
1397 1299 1479 1341 ὑπὸ
1512 1303 1593 1353 βα-

120 1369 238 1409 σιλεῖ’
259 1366 523 1419 ταττόμενον,
552 1365 666 1409 οἴκου
688 1368 771 1408 ταῖν
801 1370 1026 1420 βασιλέων,
1060 1364 1192 1419 ὄνομα
1221 1369 1268 1408 δὲ
1295 1367 1427 1424 τούτῳ
1456 1368 1593 1417 Ἀτζι-

119 1435 274 1487 κεριής.
331 1427 444 1490 οὗτοι
474 1435 554 1485 μὲν
585 1428 660 1474 οὖν
693 1432 751 1481 ὥς
788 1431 1074 1487 ἐπετράποντο
1112 1434 1227 1487 σφᾶς
1259 1430 1392 1490 τούτῳ
1425 1435 1483 1490 τῷ
1510 1435 1593 1486 βα-

122 1502 253 1554 σιλεῖ,
285 1500 330 1548 ἐς
371 1496 492 1554 τήνδε
528 1496 778 1555 α’φικόμενοι
821 1498 895 1553 τὴν
933 1499 1102 1554 χώραν,
1143 1499 1421 1548 ἐπελάσαντες
1452 1501 1495 1549 ἐς
1519 1499 1594 1541 τὸν

63 1561 286 1620 ΩΟἼστρον,
313 1567 387 1607 καὶ
407 1564 458 1620 δη
490 1564 647 1607 καὶτὸν
665 1561 830 1620 Ἴστρον
850 1563 1086 1618 διαβάντες,
1115 1565 1247 1619 μοῖρά
1268 1582 1332 1614 τις
1364 1561 1440 1606 ούκ
1473 1566 1591 1621 ὀλίγη
1605 1584 1639 1617 ρ,
1657 1585 1703 1618 09

119 1633 193 1686 τῆς
239 1630 408 1690 Θρᾴκης
454 1633 754 1686 λεηλατοῦντες
794 1633 1063 1684 ἐπέδραμον,
1110 1634 1183 1673 καί
1222 1632 1469 1686 α’νεχώρουν
1504 1630 1588 1673 ἀπὸ

120 1699 369 1754 Σαρματίας
395 1699 468 1741 ἐπὶ
494 1698 566 1740 τὸν
601 1696 758 1739 Τάναϊν
788 1696 935 1746 ἰόντες.
968 1700 1041 1738 καί
1071 1698 1203 1739 πολλοὶ
1233 1701 1311 1750 μὲν
1340 1700 1417 1739 τοῦ
1444 1699 1589 1752 γένους

213 1815 247 1848 3.
273 1826 331 1850 τοι
356 1815 380 1848 Ρ
499 1815 530 1847 7.
557 1814 596 1849 δὲ
627 1814 650 1846 P
750 1815 803 1847 12.
830 1813 1010 1860 ἄρχονται
1040 1813 1084 1854 11,
1112 1812 1269 1859 ἄρχοντι
1294 1815 1318 1847 Ρ

119 1934 195 1963 tum
221 1928 409 1963 traducere
439 1927 645 1972 cogitabat,
680 1933 1006 1973 praeoccuparent,
1029 1928 1205 1961 miserunt
1230 1933 1267 1961 et
1291 1929 1361 1973 ipsi
1389 1930 1585 1963 exercitum

120 1975 214 2010 hosti
245 1975 398 2011 obviam.
451 1975 604 2018 Scythae
630 1975 790 2020 quidem,
822 1977 890 2008 ian·
908 1975 993 2008 olim
1019 1976 1055 2008 in
1080 1975 1193 2008 tribus
1219 1975 1393 2021 quasdam
1427 1976 1583 2019 discreti,

119 2022 298 2058 tenebant
327 2023 508 2068 regionem
549 2022 593 2055 ab
621 2023 712 2056 Istro
747 2028 995 2055 excurrentem
1033 2034 1146 2068 usque
1180 2022 1225 2055 ad
1255 2023 1401 2056 Caucasi
1430 2026 1582 2058 accolas.

118 2081 217 2104 nunc
241 2075 360 2104 autem
386 2080 496 2115 genus
537 2068 718 2115 quoddam
749 2070 894 2102 illorum
930 2069 1118 2103 hominum
1147 2070 1184 2103 in
1211 2069 1329 2102 Asiam
1362 2070 1519 2111 advenit,
1547 2078 1583 2105 et

120 2117 171 2150 ibi
200 2128 242 2150 ea
271 2118 352 2151 loca
378 2128 471 2163 quae
496 2117 681 2150 Orientem
710 2122 875 2162 spectant
901 2116 1132 2156 inhabitavit,
1160 2123 1196 2150 et
1221 2116 1305 2149 hinc
1329 2118 1375 2150 ad
1404 2119 1580 2164 reliquam

120 2165 224 2206 Asiae
247 2165 453 2210 penetravit
479 2165 672 2209 regionem.
713 2164 811 2197 istud
837 2163 1026 2197 hominum
1056 2175 1166 2208 genus
1195 2164 1410 2198 Sachataeos
1436 2172 1577 2199 vocant.

79 2219 82 2222 ’
118 2223 226 2258 supra
253 2213 434 2246 Persarum
455 2213 636 2256 regionem
663 2223 778 2257 usque
802 2210 848 2244 ad
878 2211 1003 2244 Saccas
1028 2217 1065 2245 et
1089 2211 1275 2244 Caddaeos
1303 2212 1487 2245 domicilia
1514 2212 1579 2245 ha-

118 2257 219 2292 bent.
269 2258 417 2305 quidam
445 2269 489 2292 ex
514 2258 570 2292 his
595 2259 770 2303 originem
809 2258 939 2291 ducere
965 2259 1145 2292 Temirem
1175 2265 1348 2291 asserunt.
1399 2270 1484 2303 gens
1511 2261 1578 2293 ista

119 2305 336 2344 fortitudine
372 2312 409 2339 et
435 2305 649 2339 bellicarum
688 2317 803 2339 rerum
841 2305 953 2350 gloria
987 2305 1097 2338 vincit
1138 2306 1295 2350 reliquas
1324 2317 1447 2338 omnes
1474 2308 1578 2340 Asiae

119 2357 257 2398 gentes.
315 2353 370 2387 his
409 2353 644 2386 auxiliaribus
687 2353 828 2397 Scythis
863 2353 1047 2392 Tomitas,
1081 2358 1121 2385 ut
1162 2352 1309 2398 quidam
1347 2353 1501 2395 docent,
1532 2354 1579 2387 ad

118 2399 226 2432 Asiae
261 2400 450 2449 imperium
491 2401 613 2440 evasit,
646 2400 795 2434 devictis
821 2401 988 2433 omnibus
1014 2405 1262 2444 praeterquam
1288 2399 1396 2433 Indis.
1448 2401 1578 2446 reliqui

119 2446 274 2490 Scythae
304 2459 323 2480 a
350 2447 547 2494 praedictis
574 2446 669 2480 nihil
695 2447 878 2489 differunt,
904 2458 1020 2491 regem
1050 2459 1157 2480 unum
1188 2446 1338 2479 habent.
1392 2449 1490 2492 regni
1517 2460 1578 2481 se-

119 2492 201 2534 dem
229 2491 358 2527 Urdam
375 2496 606 2535 constituere,
635 2500 918 2540 creaveruntque
949 2505 1067 2538 regem
1097 2495 1158 2540 qui
1186 2506 1228 2527 ex
1246 2494 1483 2526 vetustissima
1510 2495 1575 2528 de-

119 2540 309 2575 scenderet
336 2542 516 2588 prosapia.
565 2547 663 2575 extat
688 2548 724 2575 et
751 2543 822 2575 alia
846 2553 926 2587 pars
967 2553 1090 2574 eornm
1117 2552 1192 2574 non
1218 2541 1344 2584 exigua
1373 2552 1437 2584 per
1462 2542 1575 2576 Euro-

118 2598 203 2633 pam
227 2599 343 2634 usque
378 2588 422 2621 ad
465 2590 657 2634 Bosporum
683 2589 876 2622 Thracium
903 2589 1091 2628 habitans,
1117 2599 1182 2633 per
1207 2599 1282 2620 eam
1311 2589 1491 2631 regionem
1518 2590 1576 2622 di-

119 2646 263 2681 spersa3
290 2635 423 2682 quibus
449 2641 485 2669 et
506 2637 594 2681 ipsis
619 2647 679 2670 rex
705 2642 758 2670 est
783 2637 845 2682 qui
869 2647 914 2669 ex
932 2635 1185 2681 antiquissima
1209 2645 1330 2678 regum
1356 2642 1463 2679 gente
1490 2648 1574 2682 pro·

118 2683 240 2716 cessit.
291 2682 482 2716 Atziceries
517 2684 551 2716 ei
574 2693 708 2716 nomen
738 2689 803 2717 est.
867 2683 905 2716 hi
932 2684 1055 2727 itaque
1082 2687 1121 2715 ut
1144 2692 1182 2714 se
1208 2682 1463 2717 commiserunt
1486 2685 1575 2729 regi,

118 2729 157 2762 in
180 2729 273 2762 hanc
298 2741 429 2764 venere
466 2731 664 2775 regionem,
697 2731 871 2776 progressi
912 2741 1025 2775 usque
1063 2729 1107 2761 ad
1146 2729 1286 2761 Istrum.
1338 2729 1422 2763 hinc
1450 2743 1574 2764 manue

119 2777 294 2823 quaedam
329 2777 455 2810 horum
493 2789 567 2810 non
603 2777 741 2811 modica
781 2779 909 2811 Istrum
948 2781 1147 2810 transvecta
1183 2775 1372 2809 Thraciam
1407 2779 1572 2818 vastavit,

194 2851 525 2896 Chalcocondylas.
592 2860 606 2871 ⁵
1291 2850 1313 2883 9
