1858 3210
498 169 572 209 DE
610 164 787 210 REBUS
825 167 1078 211 TURCIClS
1095 170 1144 211 L.
1169 166 1223 209 X.
1519 160 1615 208 529

144 260 190 318 ἐς
229 266 399 323 εἱρκτὴν
434 266 716 322 ποιησάμενος
753 269 979 322 κατέσχεν,
1019 266 1060 316 ἐς
1105 265 1130 309 ὅ
1168 267 1220 323 δὴ
1265 266 1497 322 ἀπαγαγών
1535 284 1616 308 κα·-

141 337 342 392 τέσφαξε.

260 398 344 442 Τόν
371 401 452 452 μὲν
481 394 557 441 οὖν
585 398 778 442 ἐνιαυτὸν
807 400 952 440 τοῦτον
995 400 1060 450 δίς
1101 397 1229 453 αὐτὸς
1259 399 1615 454 ἐκστρατευσάμε-

141 479 212 515 νος
240 463 446 520 βασιλεὺς
485 464 561 519 τὴν
587 467 666 518 μὲν
697 464 770 506 ἐπὶ
799 467 943 514 Δᾶκας
985 463 1151 506 ἕλευσιν
1190 465 1430 521 ἐποιήσατο,
1458 464 1534 521 την
1566 467 1614 509 δὲ

45 554 47 559 ’
105 531 427 585 5ἒπί,.Λέσβον.
495 533 570 573 καί
605 531 799 573 ἐτελεύτα
843 530 959 587 αὐτῷ
999 529 1042 579 ἒς
1084 530 1156 572 τὸν
1183 534 1376 584 χειμῶνα
1405 534 1555 573 τοῦτον
1583 532 1612 588 ἧ

139 600 205 640 ἐπ’
235 597 354 642 οἴκου
382 597 633 652 ἅνακομιὸη.
691 599 764 639 καί
793 595 868 638 τόν
885 598 965 650 μὲν
981 599 1174 651 χειμῶνα
1200 599 1244 638 ὲν
1263 599 1488 655 Βυζαντίῳ
1520 600 1612 639 δια-

139 667 299 720 τρίβων
327 665 525 707 ναυτικόν
553 679 600 705 τε
641 662 886 719 ἐξηρτύετο,
936 664 1010 705 καί
1052 666 1095 712 ἐς
1122 662 1196 705 τὸν
1226 659 1428 714 Εὔξεινον
1461 666 1613 708 πόντον

139 732 414 786 ἐναυπηγεῖτο
446 728 646 786 ’τριήρεις
690 726 807 786 ἀμφὶ
844 730 917 779 τὰς
963 729 1219 785 τριάκοντα,
1270 731 1344 772 καί
1379 733 1613 785 οἰκοδομῶν

137 796 264 846 ναούς
292 812 336 839 τε
367 798 442 839 καί
466 799 666 850 βασίλεια
699 794 855 837 ἐπενόει
884 795 957 851 τὴν
986 799 1228 848 Βυζαντίου
1258 796 1380 840 πόλιν
1409 799 1526 855 αύτῷ
1553 801 1614 848 εἷς

37 872 62 885 ·“
83 860 188 912 florei
215 861 392 905 ναυτικοὶ
425 864 626 917 εύπορίαν
653 863 939 916 παρέξεσθαι,
970 859 1080 904 ὥστε
1110 857 1228 914 ἄξιον
1257 863 1383 917 λόγου
1413 864 1651 909 ναυτικὸνο

15 970 22 980 ,
137 929 181 977 ἐς
209 928 287 983 τὴν
316 927 542 970 θάλασσαν
564 925 871 983 ἐξαρτύεσθαι·
929 931 982 985 τῇ
1009 927 1090 983 γὰρ
1120 927 1317 986 θαλάσσῃ
1348 929 1612 983 λογιζόμενος

16 981 42 1074 ἕ
135 989 332 1049 εὕρισκεν
357 993 416 1043 ὥς
442 995 483 1035 εἰ
510 991 795 1048 ἐπικρατήσει,
826 993 932 1051 ῥᾷον
965 994 1078 1050 αύτῷ
1099 993 1432 1049 παραχωρήσειν
1456 997 1528 1036 καί
1556 994 1609 1036 τά

15 1068 35 1117 ᾗ
133 1061 215 1102 τῶν
246 1059 469 1113 πολεμίων.
543 1059 743 1112 ε’δειζιιατο
791 1062 838 1101 δὲ
868 1059 940 1101 καί
970 1055 1079 1102 ἄλλα
1101 1057 1202 1111 ἄξια
1231 1060 1373 1115 λόγου,
1402 1059 1506 1115 μετὰ
1534 1059 1611 1115 τήν

14 1111 37 1201 {5
134 1128 180 1169 ἑν
214 1128 479 1182 Προποντίδι
509 1125 835 1182 Λαιμοκοπιήν,
876 1128 948 1180 τήν
978 1143 1022 1170 τε
1057 1129 1102 1169 ἐν
1132 1129 1351 1186 Βυζαντίῳ
1384 1128 1609 1182 ἀκρόπολιν

16 1218 33 1248 x

16 1257 33 1284 ‘1

18 1308 33 1337 ³,-

15 1363 27 1387 ε

12 1431 30 1582 ἓ

20 1194 30 1210 ·’
78 1193 260 1244 ι5α’ξίως
291 1191 433 1248 λόγου,
466 1194 509 1241 ἐς
537 1191 615 1241 τοὶς
633 1195 822 1246 χρυσέας
853 1196 1116 1246 καλουμένας
1154 1192 1317 1248 πύλας,
1347 1195 1534 1247 πύργους
1562 1209 1607 1234 τε
1622 1206 1745 1241 v,220

130 1258 358 1313 μεγίστους
387 1261 460 1301 καί
502 1259 800 1312 α’ξιοθεάτους,
842 1262 916 1301 καί
951 1259 1005 1301 τοὶ
1033 1258 1147 1309 ἐντὸς
1174 1260 1398 1312 βασίλεια,
1429 1262 1503 1301 καί
1533 1259 1607 1314 τὴν

132 1322 205 1368 ἐπὶ
234 1327 320 1366 ταῖν
347 1327 537 1367 Σκοπίων
574 1327 768 1381 γέφυραν
804 1327 868 1367 ἐπ’
909 1325 1036 1382 Ἀξιῷ
1082 1329 1274 1383 ποταμῷ,
1303 1327 1376 1367 καί
1411 1327 1607 1379 βασίλεια

131 1393 178 1433 ἐν
206 1390 583 1447 Ἀδριανουπόλει,
614 1394 748 1447 πέραν
795 1394 872 1434 τοῦ
906 1390 1097 1448 Ταιάρου
1119 1424 1130 1443 ,
1162 1388 1187 1449 ᾗ
1217 1395 1268 1447 δη
1296 1391 1339 1442 ἐς
1367 1391 1438 1435 τὸν
1457 1390 1608 1446 Ἕβρον

130 1457 302 1499 ἐκδιδοῖ.
360 1457 434 1499 καί
463 1459 664 1512 πολίχνην
696 1461 775 1511 μὲν
804 1459 849 1499 ἐν
876 1460 931 1514 τῇ
954 1459 1075 1516 Ἀσίᾳ
1108 1460 1207 1514 περί
1236 1458 1460 1511 Μάδυτον,
1490 1453 1520 1516 ᾗ
1551 1457 1604 1513 δὴ

70 1521 392 1573 αοστεναὶτατον
433 1525 512 1565 τοῦ
538 1523 840 1580 Ἑλλησπόντου
882 1526 1121 1578 ἐσπλέοντι,
1152 1527 1226 1566 καί
1261 1526 1307 1567 ἐν
1335 1527 1389 1582 τῇ
1416 1523 1603 1582 Εὐρώπῃ

132 1591 335 1645 πολίχνην
365 1587 512 1644 ἑτέραν
551 1591 750 1632 α’πέναντι
791 1593 864 1645 τῆς
891 1592 936 1633 ἐν
964 1591 1084 1649 Ἀσίᾳ
1123 1592 1337 1647 πολίχνης,
1366 1589 1471 1633 ὥστε
1503 1590 1645 1646 {xv-D

131 1657 236 1709 ροῦν
263 1658 342 1708 μὲν
385 1655 499 1714 αὐτῷ
545 1655 624 1711 τήν
652 1658 895 1708 Βυζαντίου
923 1657 1045 1699 πόλιν
1073 1656 1147 1699 καί
1170 1658 1242 1700 τὸν
1270 1653 1470 1709 Εὔξεινον
1498 1658 1598 1699 πόν-

233 1758 289 1794 13.
321 1759 406 1810 ἄλλῃ
431 1763 456 1796 Ρ
551 1763 609 1797 21.
634 1765 788 1811 πολίχνῃ
814 1763 922 1811 ἑτέρᾳ
947 1765 971 1798 Ρ

130 1852 260 1885 iterum
288 1853 327 1886 in
357 1865 533 1888 carcerem
561 1855 668 1889 condi
693 1856 797 1889 iussit
821 1862 858 1889 et
886 1856 1052 1899 diligenti
1075 1855 1239 1889 custodia
1267 1856 1406 1890 tamdiu
1434 1867 1597 1890 asserva-

129 1900 182 1934 vit
208 1899 324 1934 donec
352 1900 436 1934 inde
462 1902 639 1936 abductos
666 1904 812 1948 capitali
838 1903 1018 1949 supplicio
1043 1902 1210 1936 afficeret.

224 1948 298 1981 Isto
335 1959 431 1982 anno
467 1961 528 1982 rex
569 1950 626 1983 bis
654 1952 691 1983 in
718 1951 886 1983 militiam
927 1950 1135 1995 profectus,
1170 1950 1282 1983 semel
1317 1955 1440 1983 contra
1466 1951 1598 1991 Dacos,

7 2031 12 2036 .
131 1993 262 2027 iterum
282 2001 406 2029 contra
431 1996 597 2030 Lesbum.
625 2003 662 2031 et
686 2003 839 2043 utraque
859 1998 958 2031 bella
984 1997 1142 2031 confecit
1161 1997 1288 2031 eodem
1315 2008 1431 2039 anno3
1462 1997 1596 2031 hiems-

118 2052 202 2087 ·que
230 2042 428 2077 advenerat
451 2049 645 2090 antequam
673 2044 816 2078 domum
846 2044 963 2078 redire
987 2051 1122 2090 posset.
1173 2056 1214 2078 ea
1234 2046 1343 2089 igitur
1366 2045 1485 2078 hieme
1511 2056 1594 2078 ver·

4 2057 21 2119 ἐ
127 2093 228 2122 satus
252 2088 414 2134 Byzantii
447 2092 595 2125 classem
632 2092 846 2126 adornabat.
898 2091 1089 2126 extruebat
1120 2093 1269 2138 templa,
1294 2092 1509 2125 aedificabat
1536 2104 1595 2125 re-

127 2135 221 2180 ga'lia
257 2138 395 2187 palatia
415 2164 425 2180 ‚
455 2139 655 2185 urbemque
692 2151 770 2172 eam
795 2139 863 2173 sibi
896 2139 1159 2172 accommodam
1198 2139 1243 2172 ad
1282 2140 1423 2173 navalia
1454 2141 1594 2185 praelia

129 2182 279 2218 reddere
307 2185 346 2218 in
370 2187 491 2219 animo
517 2188 779 2229 constituerat,
805 2192 845 2220 ut
869 2192 1012 2233 posset,
1039 2188 1067 2220 si
1095 2187 1242 2232 quando
1270 2199 1354 2220 usus
1380 2188 1593 2231 postularet,

126 2231 398 2265 memorabilem
421 2233 571 2267 classem
599 2234 684 2267 inde
710 2235 746 2267 in
777 2245 872 2267 mare
899 2234 1090 2268 deducere.
1139 2233 1197 2267 his
1228 2234 1507 2278 cogitationibus
1533 2235 1592 2267 in-

118 2282 249 2312 ·tentus
272 2281 414 2315 invenit
441 2292 478 2314 se
506 2281 612 2314 facile
648 2293 754 2326 posse
787 2283 1007 2328 superiorem
1043 2292 1120 2314 esse
1145 2281 1325 2322 hostibus,
1353 2282 1382 2314 si
1410 2293 1504 2314 mare
1530 2293 1592 2315 so-

126 2324 182 2358 lus
208 2325 393 2361 obtineat..
434 2329 554 2362 animo
581 2335 797 2374 conceperat
818 2335 982 2363 extruere
1009 2335 1045 2362 et
1062 2330 1168 2361 aliam
1191 2329 1475 2369 memorabilem,
1506 2334 1592 2374 post

126 2372 355 2418 Propontidis
379 2375 666 2421 Laemocopiam‚
693 2388 809 2410 arcem
835 2377 995 2420 Byzantii
1024 2376 1248 2418 mirabilem3
1285 2387 1392 2422 quam
1418 2375 1592 2409 exaedifi-

122 2420 222 2453 cavit
248 2422 348 2455 iuxta
377 2428 499 2467 portas
529 2435 616 2469 quas
642 2435 767 2458 aureas
794 2423 1065 2469 nuncupabant.
1115 2424 1283 2456 excitavit
1309 2429 1347 2456 et
1372 2429 1487 2456 turres
1511 2434 1590 2456 ma-

124 2466 238 2500 ximas
264 2474 302 2502 et
327 2471 534 2514 spectaculo
562 2471 700 2516 dignas,
726 2483 870 2506 necnon
906 2472 1082 2504 interiora
1112 2471 1253 2514 regiae,
1281 2476 1317 2503 et
1344 2471 1469 2503 turrim
1497 2482 1590 2516 quae

124 2515 240 2558 vergit
263 2515 308 2548 ad
337 2517 548 2562 Scopiorum
575 2524 746 2564 pontem,
771 2531 843 2565 quo
881 2519 1041 2563 iungitur
1068 2518 1178 2551 Axius
1205 2518 1346 2550 fluvius.
1398 2518 1503 2551 etiam
1531 2529 1591 2551 re-

122 2562 218 2604 giam
245 2562 364 2596 sedem
385 2564 618 2610 Adrianopoli
645 2567 737 2599 ultra
760 2567 975 2605 Taenarum,
1002 2577 1072 2610 qua
1096 2565 1255 2598 Hebrum
1282 2563 1459 2605 illabitur,
1485 2575 1587 2598 emu-

111 2609 223 2642 -nivih
274 2611 397 2643 urbem
423 2623 570 2658 quoque
596 2614 632 2646 in
658 2614 740 2647 Asia
767 2614 866 2647 iuxta
893 2613 1100 2656 Madytum,
1125 2612 1186 2645 ubi
1212 2613 1492 2657 Hellespontum
1515 2623 1584 2645 an-

121 2657 365 2699 gustissimum
393 2660 596 2701 cernimini,
622 2660 806 2704 condidit;
843 2671 987 2694 necnon
1015 2660 1120 2692 aliam
1154 2660 1190 2693 in
1221 2660 1362 2704 Europa
1390 2671 1408 2693 e
1439 2660 1585 2703 regione

121 2703 200 2736 eius
230 2704 328 2738 urbis
353 2716 446 2751 quae
484 2707 521 2739 in
549 2708 629 2740 Asia
657 2709 875 2753 conspicitur
901 2707 1116 2741 aedificavit.
1184 2706 1251 2740 hae
1273 2708 1386 2740 urbes
1416 2706 1584 2740 conditae

121 2756 208 2784 sunt
231 2751 276 2784 ad
301 2751 550 2787 defensionem
568 2755 731 2798 Byzantii
757 2761 791 2789 et
811 2756 940 2788 Euxini
966 2755 1084 2788 maris.
1133 2760 1320 2800 praeterea
1347 2765 1422 2788 non
1446 2753 1587 2787 medio-

193 2825 329 2862 Chalco
335 2826 514 2872 condylas
1280 2826 1329 2861 34

7 1873 30 1994 faa-rea
