1774 3204
223 178 317 220 308
555 180 769 220 LAONlCl
808 181 1308 222 CHALCOCONDYLAF.

221 276 244 316 ὅ
273 294 311 318 τι
341 274 393 318 (ἲν
425 276 615 328 ἐμποδών
645 280 795 328 γένοιτο
825 275 963 326 αὐτοῖς
991 277 1258 329 δουλούμενοι
1289 279 1541 332 ἐπορεύοντο,
1577 281 1646 321 καί

219 340 291 389 τάς
331 356 375 381 τε
428 339 570 391 κώμας
622 343 692 382 καί
724 341 884 396 Σοφίαν
927 342 1047 384 πόλιν
1098 343 1325 394 εὐδαίμονα
1362 343 1644 398 ἐμπιπρῶντες

173 404 378 459 Βέδήουν.
448 404 711 459 Ἀμουροὲτης
747 409 881 457 μέντοι
929 408 985 454 ὥς
1030 405 1282 448 ἐπυνθάνετο
1320 407 1416 457 τοὺς
1453 401 1645 456 Παίονας

217 471 377 510 ἐπιέναι
402 467 557 524 μεγάλῃ
586 470 713 523 χειρί,
739 472 978 521 σύμπαντας
1005 471 1102 519 τούς
1130 474 1202 524 τῆς
1226 471 1371 520 Ἀσίας
1390 488 1436 513 τε
1462 476 1534 514 καί
1556 475 1643 514 Ev’-

216 534 355 588 ριὸπης
381 534 583 586 στρατούς
626 537 872 589 συναγείρας
907 535 1021 592 ἐπῄει
1048 551 1091 576 τε
1120 537 1249 585 αὐτὸς
1285 533 1372 589 ἅμα
1401 537 1458 585 ὥς
1486 536 1701 591 onusto-ff

217 597 292 651 λὴν
323 598 601 652 ποιησόμενος.
658 599 753 641 ἐπεί
771 616 816 641 τε
846 600 895 654 δὴ
929 603 972 649 ἐς
1002 603 1252 652 Βασιλίτζαν
1278 603 1533 656 καλουμένην
1557 603 1645 655 χώ-

217 678 320 716 ραν,
360 666 580 715 κατέλαβεν
620 663 775 712 αὐτοὺς
815 667 912 712 τοὺς
949 669 1135 714 Παίονας
1179 667 1641 719 στρατοπεδευομένους.

215 730 287 768 καί
326 725 584 782 Ἀμουροίτης
635 731 710 779 μὲν
757 732 828 770 καί
870 729 1071 783 πρότερον
1119 730 1359 784 στράτευμα
1405 732 1644 784 ἐπιπέμψας

215 794 412 845 ἐκέλευεν,
441 789 547 833 ὥστε
576 793 802 847 φυλάττειν
829 792 900 834 τόν
922 795 1120 835 Παιόνων
1150 794 1336 848 στρατόν,
1364 791 1459 836 ὅποι
1486 798 1642 848 γένοιτο

215 859 470 911 διασημῆναι
512 860 622 915 αὐτῷ
662 858 733 900 καί
761 857 808 900 τό
835 874 877 900 τε
904 858 1043 900 στενὸν
1081 862 1158 900 τοῦ
1181 855 1303 912 ὅρους
1324 863 1401 915 ιτῆς
1427 861 1644 914 βασιλικῆς
1658 869 1698 903 10

217 924 399 975 δένδροις
432 925 723 976 φραξαμένους
752 923 1024 965 διακωλύσειν
1062 927 1302 979 πειρᾶσθαι.
1361 925 1399 966 οἱ
1426 928 1504 978 μὲν
1533 921 1644 967 οὕτω

87 997 117 1028 Ρ.
136 996 200 1030 163
215 989 391 1040 ἐποίουν,
421 986 491 1028 καί
519 986 772 1041 φραξάμενοι
800 987 1019 1040 ἐπειρῶντο
1048 991 1232 1040 κωλύειν,
1262 991 1336 1031 καί
1349 1006 1406 1046 πῃ
1434 993 1506 1031 καί
1533 991 1644 1032 ἒπει-

215 1056 344 1104 ρῶντο
375 1050 411 1091 οἱ
440 1053 622 1100 Παίονες
653 1054 845 1106 παριέναι
873 1052 970 1094 εἴσω
1001 1055 1070 1094 ἐπὶ
1101 1053 1175 1107 τὴν
1205 1053 1380 1110 Θρᾴκην.
1432 1053 1643 1108 Ἀμουρά-

211 1133 281 1169 της
325 1118 371 1157 δὲ
407 1119 448 1164 ἐς
484 1115 527 1158 τὸ
577 1112 673 1170 ὅρος
715 1116 760 1158 τὸ
790 1118 1021 1172 καθήμενον
1059 1118 1128 1159 ἐπὶ
1170 1118 1219 1159 τὰ
1268 1110 1390 1160 oren}
1428 1122 1501 1172 τῆς
1540 1119 1642 1160 ὅδοῦ

211 1179 594 1235 ἐστρατοπεδεύετο,
624 1183 807 1223 ἐνταῦθα
835 1185 1035 1234 συλλέξας
1061 1182 1156 1231 τοὺς
1172 1183 1374 1237 α’ρίστους
1405 1185 1548 1236 aziz-05,
1575 1184 1698 1225 καίἱό

211 1245 390 1295 μάλιστα
430 1246 527 1294 τούς
567 1247 788 1293 δοκοῦντας
830 1249 873 1288 ἒν
916 1246 1184 1300 στρατηγίαις
1225 1250 1418 1301 γενέσθαι
1463 1248 1643 1303 περιφῆ-

213 1326 331 1361 μους.
389 1305 494 1364 ἦσαν
536 1313 572 1351 δ’
604 1305 717 1352 οὗτοι
749 1314 854 1353 Ἰεσέ
886 1327 927 1353 τε
965 1312 986 1352 ὁ
1018 1315 1090 1353 τοῦ
1119 1314 1343 1365 Βρενέζεω,
1375 1314 1644 1367 Τουραχάνης

213 1374 233 1417 ὃ
269 1377 498 1424 Θετταλίας
530 1373 730 1430 ὕπαρχος,
764 1379 1043 1430 Κουμουλιής,
1073 1378 1268 1431 Χασίμης
1292 1378 1314 1418 ὅ
1342 1379 1412 1431 τῆς
1430 1378 1644 1432 Εὐρώπης

213 1442 440 1495 στρατηγός
486 1441 555 1482 καί
591 1441 790 1496 Ἰσαοέκης
815 1439 835 1483 ὃ
863 1444 945 1483 τῶν
973 1443 1159 1483 Σκοπίων
1188 1439 1387 1496 ὕπαρχος.
1444 1439 1644 1497 ἇφικομέ-

213 1522 294 1547 νων
341 1508 386 1548 δὲ
427 1509 564 1548 αὐτῶν
602 1508 671 1548 καί
704 1509 1062 1560 παρακαθημένων
1103 1506 1216 1561 ἔλεγε
1255 1505 1405 1549 τοιάδε.
1471 1504 1701 1561 ’ῑᾶνδρεςῖθ

216 1573 562 1625 ΆΙουσουλμάνοι,
592 1570 707 1623 ὑμεῖς
726 1571 849 1626 ὁρᾶτε
868 1569 912 1614 οἶ
933 1571 1110 1627 α’νάγκης
1139 1573 1309 1628 α’φίκετο
1338 1571 1389 1614 τὰ
1421 1569 1644 1627 πράγματα

308 1675 363 1708 21.
390 1670 451 1710 οἶοι
478 1677 513 1717 Ρν

220 1775 284 1810 est,
314 1782 527 1816 quocunque
566 1783 602 1804 se
630 1774 835 1812 vertissent,
861 1774 979 1805 omnia
1007 1774 1044 1805 in
1083 1773 1257 1805 dicionem
1281 1777 1503 1816 acceperunt.
1552 1771 1645 1804 vicos

220 1817 482 1857 incendebant;
508 1819 613 1850 etiam
638 1818 792 1862 Sophiae
819 1819 895 1850 urbi
931 1820 1044 1862 ignem
1073 1819 1293 1859 iniicientes,
1318 1819 1435 1851 omnia
1461 1816 1565 1850 foede
1591 1817 1648 1849 di-

223 1863 413 1906 ripiebant.
461 1864 642 1896 Amurates
671 1870 710 1897 ut
735 1866 870 1908 accepit
899 1866 1080 1897 Pannones
1111 1875 1235 1907 magna
1260 1875 1362 1896 manu
1389 1863 1557 1896 accedere*
1579 1874 1648 1908 po-

222 1908 458 1952 pulabundOS,
484 1912 661 1942 universos
689 1911 786 1942 Asiae
813 1917 848 1943 et
863 1911 1023 1954 Europae
1052 1911 1223 1942 exercitus
1250 1909 1471 1949 contrahens,
1496 1908 1649 1947 obviam,

225 1960 266 1987 ut
293 1956 352 1999 qui
379 1966 419 1987 ex
437 1957 510 1987 acie
538 1962 630 1988 esset
657 1956 896 1994 dimicaturus,
922 1956 1015 1988 hosti
1045 1955 1272 1999 procedebat.
1322 1956 1501 1988 Amurates
1527 1959 1566 1987 ut
1589 1965 1650 1986 ve-

225 2001 280 2034 nit
302 2002 338 2033 in
366 2002 540 2042 regionem
565 2013 654 2045 quae
686 2003 828 2034 Basiliza
846 2008 1003 2041 vocatur,
1030 2003 1212 2034 pannones
1239 2004 1274 2034 in
1301 2013 1342 2034 ea
1360 2005 1471 2033 castra
1490 2001 1650 2045 posuisse

228 2047 474 2091 deprehendit.
526 2049 704 2091 praemisit
732 2059 875 2092 quoque
900 2059 1039 2080 suorum
1069 2059 1208 2080 manum
1245 2046 1338 2080 haud
1364 2047 1535 2090 exiguam,
1561 2056 1650 2090 quos

228 2094 331 2126 iussit
355 2094 537 2126 observare
565 2095 768 2138 Pannonnlm
798 2095 987 2126 exercitum
1004 2119 1012 2133 ‚
1038 2099 1074 2126 et
1099 2095 1281 2137 explorare
1310 2092 1371 2124 ubi
1399 2103 1435 2124 se
1458 2096 1591 2130 teneat,
1617 2095 1653 2123 el:

228 2139 358 2172 deinde
384 2140 563 2184 explorata
587 2140 631 2171 ad
657 2150 692 2171 se
718 2140 856 2172 referre.
884 2139 1007 2172 iisdem
1034 2140 1214 2183 praecepit
1240 2144 1279 2170 ut
1307 2138 1437 2171 montis
1462 2138 1651 2180 angustias,

228 2197 319 2230 quae
346 2186 382 2218 in
409 2186 494 2228 regis
540 2186 680 2228 regione
705 2191 786 2218 sunt
804 2211 812 2225 ,
848 2190 1147 2229 praeoccuparent
1175 2190 1210 2216 et
1244 2183 1428 2216 arboribus
1453 2183 1563 2215 caesis
1587 2181 1652 2215 ob-

228 2237 415 2271 struerent,
444 2243 514 2276 quo
539 2232 653 2264 minus
677 2231 796 2264 hostes
822 2242 879 2263 eas
909 2241 1071 2275 superare
1112 2236 1266 2274 possent.
1313 2230 1375 2274 qui
1397 2230 1489 2262 iussa
1516 2228 1652 2265 facien-

228 2284 282 2311 tes
308 2284 448 2311 strenue
473 2277 609 2310 hostem
635 2276 732 2309 aditu
759 2276 1007 2321 prohibebant.
1058 2281 1094 2308 et
1117 2286 1200 2308 sane
1228 2276 1410 2308 Pannones
1435 2274 1655 2307 conabantur

229 2326 422 2368 irrumpere
447 2335 510 2368 per
534 2323 730 2356 Thraciam.
778 2333 896 2354 verum
925 2324 1103 2354 Amurates
1140 2326 1251 2354 castra
1289 2322 1466 2354 locaverat
1489 2321 1525 2353 in
1552 2329 1653 2352 mon-

230 2376 299 2402 tem
326 2371 386 2415 qui
411 2370 579 2414 pertingit
602 2380 713 2413 usque
740 2368 783 2400 ad
810 2367 1006 2412 praedictas
1032 2369 1220 2410 angustias,
1250 2372 1285 2399 et
1308 2366 1531 2409 congregavit
1555 2366 1652 2410 opti-

231 2421 340 2448 mutes
366 2427 457 2455 suos,
483 2426 631 2459 quorum
656 2415 763 2458 gloria
791 2415 827 2446 iu
851 2425 888 2446 re
905 2414 1049 2446 militari
1079 2418 1154 2446 erat
1178 2413 1336 2453 maxima,
1363 2411 1545 2446 Thezeten
1571 2412 1653 2444 Bre—

231 2462 327 2494 nezis
352 2462 475 2500 filium,
497 2461 738 2494 Turachanem
759 2459 964 2492 Thessaliae
980 2460 1210 2503 praefectum,
1235 2458 1431 2498 Cumulien,
1458 2457 1654 2490 chunonem

230 2508 391 2552 Europae
416 2507 538 2540 ducem
565 2507 642 2552 (qui
669 2512 704 2540 et
729 2507 828 2538 Bassa
853 2505 1056 2550 Europaeus
1082 2510 1116 2537 et
1141 2505 1332 2538 normaniae
1361 2503 1476 2549 Bassa)
1503 2508 1540 2535 et
1566 2502 1653 2534 Sco-

232 2555 367 2597 piorum
397 2555 594 2597 principem
618 2554 723 2585 Isaac.
771 2551 847 2590 hos,
873 2562 951 2584 cum
977 2551 1080 2584 exciti
1108 2562 1191 2583 voce
1214 2550 1399 2596 praeconis
1415 2548 1594 2582 venissent
1619 2553 1656 2580 et

234 2599 486 2639 consedissent,
514 2600 550 2631 in
575 2598 668 2632 hunc
693 2597 834 2631 modum
862 2598 1036 2630 allocutus
1064 2602 1126 2629 est.
1180 2597 1269 2629 “viri
1302 2595 1528 2634 Musnlmani,
1553 2593 1654 2625 vide-

234 2645 278 2676 tis
304 2646 340 2677 in
364 2657 468 2689 quam
495 2646 738 2678 necessitatem
777 2654 830 2676 res
853 2649 990 2676 nostrae
1019 2643 1236 2676 devenerint.
1286 2641 1465 2675 Pannones
1491 2639 1581 2673 enim
1607 2639 1654 2676 hi,

234 2690 403 2724 adhibitis
436 2691 538 2724 Dacis
576 2697 611 2725 et
636 2689 826 2730 Triballis,
855 2695 975 2723 contra
1000 2701 1064 2722 nos
1090 2690 1223 2722 bellum
1248 2692 1398 2722 movent.
1448 2697 1542 2720 nunc
1565 2691 1654 2719 tem-
