1884 3178
547 197 619 236 DE
659 196 829 237 REBUS
869 195 1121 238 TURClClS
1166 198 1212 236 L.
1242 199 1314 237 111.
1544 192 1637 237 125

169 291 470 347 δοκιμώτατος,
498 293 579 335 ὑπὸ
615 295 694 336 τοῦ
726 293 879 344 παιδὸς
910 291 1042 336 αὐτοῦ
1069 293 1146 349 τὴν
1176 295 1317 351 α’ρχὴν
1347 296 1641 350 παραδεξάμε-

165 373 248 413 νος,
279 361 349 402 καὶ
379 357 454 402 τὸν
496 358 679 415 στρατὸν
714 357 802 413 ἅμα
829 360 1051 414 ἀγόμενος,
1082 364 1250 414 πρῶτον
1276 364 1356 415 μὲν
1379 364 1452 404 ὲπί
1481 365 1640 416 Συρίαν

168 425 359 468 ἐλαύνων
385 427 458 482 τήν
487 442 532 468 τε
572 427 721 480 χώραν
759 427 1025 482 ὑπηγάγετο,
1075 426 1127 468 τοὶ
1162 431 1241 481 μὲν
1280 431 1476 482 πολεμῶν
1505 427 1558 471 τὰ
1590 431 1637 470 δὲ

165 492 412 534 ἀναπείθων
438 509 498 545 τε,
529 492 810 546 σπενδόμενος
841 492 914 535 ὲπί
944 491 1096 548 ῥητοῖς.
1163 494 1272 546 μετὰ
1302 497 1348 536 δὲ
1377 497 1515 538 ταῦτα
1550 495 1636 537 Κί-

129 559 284 607 5λικάς
310 575 356 601 τε
389 556 645 614 ἐχειρώσατο
673 562 746 601 καί
776 561 952 613 Φρύγας
994 559 1067 601 καί
1098 559 1280 615 ΠΙήδους
1311 578 1355 603 τε
1383 557 1676 614 και“”Ιωνας,(;

164 623 270 679 πρὸς
301 627 348 668 δὲ
377 628 450 668 καί
493 625 543 668 τὰ
577 621 665 668 ἄνω
697 629 769 680 τῆς
798 627 939 674 Ἀσίας
967 624 1098 668 ἐπιών
1138 631 1457 684 κατεστρέφετο,
1487 630 1562 683 τήν
1590 646 1635 671 τε

163 694 416 744 νομοθεσίαν
445 691 816 746 ἐπιβεβαιούμενος
843 698 928 740 τοῖς
972 693 1055 733 α’νά
1088 692 1163 746 την
1202 694 1348 735 Ἀσίαν
1384 693 1526 736 ἔθνεσι
1554 697 1635 737 τῶν

161 757 421 815 βαρβάρων,
442 759 516 801 καί
542 761 624 800 τῶν
651 761 939 814 ξυμμαθητῶν
969 760 1102 800 αιῖτοῦ
1131 757 1173 808 ἔς
1189 776 1305 808 τινας
1344 755 1499 810 ἄλλους
1527 758 1632 818 ἄλλῃ

163 828 436 881 διαπέμπων,
468 828 631 866 πείθειν
660 841 705 866 τε
737 823 1007 879 πειρώμενος.
1070 827 1142 866 καί
1167 826 1304 880 τάφον
1333 829 1388 884 τῷ
1420 829 1631 884 ΖΠεχμέτῃ

107 894 369 947 1οπολυτελῆ
414 892 832 944 κατασκευασάμενος
865 894 1000 933 αὐτοῦ
1043 889 1332 946 ὑπερεγένετο.
1390 891 1561 942 τελετάς
1588 909 1633 935 τε

160 961 348 1001 ἐπετέλει
395 959 507 1014 αὐτῷ
546 957 736 1012 μεγάλας
776 974 822 999 τε
859 958 940 1000 dmi
984 961 1066 1000 πᾶν
1092 957 1210 1011 ἔτος,
1252 960 1326 1001 καί
1351 957 1449 1008 τούς
1479 955 1633 1009 ἄλλους

159 1023 327 1066 ἔπειθεν
354 1026 472 1082 αύτῷ
499 1040 545 1066 τε
575 1023 893 1078 προσεύχεσθαι
925 1025 998 1067 καί
1027 1028 1069 1074 ἐς
1097 1024 1171 1067 τὸν
1202 1024 1340 1082 τάφον
1370 1027 1506 1068 αὐτοῦ
1534 1041 1631 1082 φοι·

157 1093 313 1141 τῶντας
342 1091 535 1140 δικαίους
569 1091 791 1146 γίνεσθαι·
863 1091 937 1133 καί
974 1094 1050 1134 νῦν
1082 1090 1165 1134 α’πό
1195 1108 1242 1133 τε
1283 1096 1356 1147 τῆς
1386 1094 1529 1142 Ἀσίας
1560 1095 1634 1134 καί

156 1161 226 1213 τῆς
271 1158 442 1214 Λιβύης
484 1160 556 1199 καί
589 1158 671 1199 α’πὸ
715 1158 788 1212 τῆς
815 1159 1023 1213 Εὐρώπης
1061 1157 1112 1213 δη
1153 1156 1229 1199 οὔκ
1261 1159 1392 1214 ὀλίγοι
1422 1157 1558 1208 ἰόντες
1586 1161 1629 1209 ἐς

102 1225 203 1267 15τὸ
236 1226 381 1278 μνῆμα
410 1226 484 1266 τοῦ
511 1227 752 1278 Μεχμέτεω
800 1229 910 1279 μέγα
941 1241 985 1266 τε
1015 1226 1163 1280 σφίσιν
1205 1224 1361 1268 οἴονται
1400 1227 1443 1275 ἐς
1483 1228 1671 1269 εὕδω-Ι)

154 1292 306 1344 μονίαν
336 1293 480 1340 αὐτοῖς
526 1293 673 1346 φέρειν
714 1290 760 1333 τὸ
792 1293 990 1333 τοιοῦτον.
1055 1291 1304 1346 πορεύονται
1337 1294 1373 1334 δ’
1400 1290 1438 1334 οἱ
1463 1295 1562 1347 μέν,
1589 1291 1626 1335 οἱ

132 1359 205 1400 ’δὲ
235 1355 442 1412 ἀργυρίου
471 1359 643 1399 τελοῦσι
675 1363 763 1407 τοῖς
793 1355 898 1412 ὑπὲρ
942 1360 1063 1414 σφῶν
1096 1360 1236 1400 αιῖταῖν
1264 1362 1537 1412 βουλομένοις
1567 1361 1625 1402 ἰέ-

157 1440 239 1466 ναι.
296 1421 388 1465 ἔστι
420 1425 457 1465 δ’
491 1423 516 1478 ἦ
548 1421 644 1471 ὁδὸς
672 1426 950 1479 χαλεπωτάτη
981 1427 1089 1466 ἰέναι
1121 1423 1191 1466 διὰ
1223 1424 1300 1478 τήν
1331 1423 1523 1479 ψάμμον,
1555 1428 1627 1468 ἐπὶ

155 1487 358 1544 καμήλων
390 1491 436 1532 δὲ
476 1489 552 1544 τήν
590 1490 754 1545 τροφήν
794 1493 1019 1546 φερουσῶν
1059 1493 1130 1532 καί
1162 1490 1206 1533 τὸ
1240 1489 1384 1546 ὕδωρ·
1443 1489 1621 1550 ἀφθόνῳ

98 1555 236 1612 :20de
283 1559 360 1598 ου’κ
398 1555 546 1610 έχουσι
577 1560 768 1611 χρῆσθαι
814 1558 926 1614 αὐτῷ
965 1556 1010 1598 τὸ
1044 1558 1257 1611 παράπαν.
1330 1561 1404 1600 καί
1430 1557 1541 1600 οὕτω
1572 1558 1622 1611 δὴ

156 1621 210 1665 τὰ
241 1622 458 1678 ἐπιτήδεια
488 1624 854 1676 συσκευασάμενοι
895 1626 1043 1680 σφίσιν
1072 1624 1355 1677 ἀναβαίνουσί
1382 1641 1424 1666 τε
1457 1624 1528 1666 ε’πί
1554 1623 1627 1673 τοὶς

157 1687 388 1744 καμήλους,
418 1694 608 1745 σημείοις
627 1689 928 1744 διαχρώμενοι
948 1692 989 1739 ές
1019 1690 1094 1746 την
1123 1693 1297 1745 πορείαν
1325 1697 1416 1740 ταῖς
1445 1693 1521 1734 τοῦ
1537 1709 1626 1744 μα-

253 1803 287 1836 2.
316 1800 493 1851 ἑλόμενος
515 1804 546 1838 Τ
642 1803 675 1836 3.
704 1798 748 1838 τὰ
777 1802 830 1851 δὲ]
863 1804 907 1838 τά
933 1815 969 1838 τε
999 1805 1022 1838 Ρ
1121 1803 1174 1838 18.
1199 1806 1327 1839 ἵεσθαι
1352 1805 1412 1838 RT

161 1912 240 1945 eius
266 1913 364 1955 regni
404 1911 635 1945 moderamen
663 1913 826 1958 accepit,
862 1918 1121 1958 assumptoque
1150 1913 1311 1946 exercitu
1338 1917 1462 1946 contra
1489 1912 1626 1956 Syriam

160 1959 344 2004 profectus
370 1965 446 1999 est,
483 1960 738 2005 regionemque
778 1960 964 2004 plurimam
999 1961 1130 2006 partim
1165 1961 1197 1994 vi
1233 1960 1363 2004 partim
1393 1961 1628 2005 persuasione

161 2005 444 2052 foederibusque
490 2007 528 2040 in
562 2006 741 2040 dicionem
767 2008 967 2052 acquisivit.
1026 2008 1112 2040 hinc
1139 2008 1174 2040 in
1203 2007 1383 2040 dicionem
1411 2019 1540 2040 venere
1567 2008 1627 2040 Ci-

159 2053 246 2086 lices
270 2053 423 2098 Phryges
451 2053 548 2086 Medi
574 2060 610 2088 et
637 2056 755 2087 lones.
807 2054 851 2087 ad
885 2055 972 2088 haec
1001 2067 1065 2088 suo
1091 2056 1243 2100 imperio
1269 2054 1429 2087 admovit
1454 2054 1626 2100 quasdam

158 2101 354 2145 superioris
378 2101 484 2134 Asiae
510 2103 686 2145 regiones.
711 2102 748 2134 in
779 2103 952 2146 religione
979 2114 1040 2135 sua
1067 2109 1191 2146 gentes
1215 2103 1318 2135 Asiae
1343 2101 1511 2135 barbaras
1540 2113 1626 2135 con-

158 2147 325 2189 firmavit,
353 2154 389 2181 et
418 2147 593 2193 quosdam
632 2148 891 2194 discipulorum
923 2161 1070 2183 suorum
1105 2150 1142 2182 in
1170 2150 1259 2182 alias
1288 2150 1450 2194 regiones
1477 2148 1626 2187 dimisit,

158 2195 309 2239 cupiens
348 2195 490 2228 easdem
527 2196 563 2229 in
602 2208 701 2229 suam
740 2197 952 2241 religionem
999 2199 1159 2242 recipere
1194 2196 1353 2232 suadela.
1422 2197 1625 2240 sepulcrum

157 2253 305 2288 quoque
330 2243 528 2288 pretiosum
554 2243 592 2276 in
622 2243 797 2277 honorem
823 2244 1035 2277 Mechmetis
1072 2244 1252 2277 adornans
1279 2245 1331 2276 ibi
1356 2243 1535 2276 manebat.
1565 2255 1623 2276 sa-

157 2301 219 2323 cra
244 2301 390 2335 quoque
416 2301 544 2334 magna
571 2292 764 2336 quotannis
791 2292 825 2323 in
853 2291 1025 2326 honorem
1052 2291 1266 2325 Mechmetis
1305 2291 1380 2323 fieri
1407 2291 1622 2335 procuravit.

157 2337 336 2381 persuasit
362 2337 443 2370 aliis
468 2338 630 2382 plurimis
658 2344 698 2372 ut
723 2338 962 2372 Mechmetem
989 2339 1194 2372 adorarent.
1245 2350 1304 2372 eos
1332 2349 1478 2383 quoque
1506 2339 1622 2371 iustos

157 2383 236 2416 fieri
262 2385 491 2418 asseverabat
529 2385 592 2431 qui
627 2386 740 2431 ipsius
775 2388 978 2430 sepulcrum
1012 2387 1219 2419 inviserent.
1272 2386 1378 2419 etiam
1406 2385 1517 2418 hodie
1547 2397 1622 2419 non

157 2431 261 2475 pauci
289 2431 334 2464 ab
361 2432 443 2464 Asia
469 2437 506 2465 et
529 2433 641 2476 Libya
668 2433 883 2478 Europaque
902 2433 1113 2467 Meclimetis
1144 2433 1345 2478 sepulcrum
1376 2432 1523 2473 adeunt,
1549 2445 1620 2477 pu-

155 2477 283 2511 tantos·
301 2489 338 2511 se
364 2478 448 2512 hinc
473 2480 664 2512 maximum
693 2481 865 2523 colligere
902 2482 1111 2525 religionem
1141 2486 1177 2513 et
1206 2479 1392 2524 probiores
1417 2479 1505 2512 fieri.
1535 2481 1621 2525 qui-

155 2524 236 2558 dam
263 2536 305 2557 ex
331 2525 418 2570 ipsis
454 2525 557 2559 istam
591 2529 922 2572 peregrinationem
962 2528 1234 2571 ingrediuntur:
1262 2525 1410 2571 quidam
1434 2533 1619 2571 argentum

154 2577 348 2605 numerant
385 2573 429 2606 iis
464 2574 525 2618 qui
561 2586 624 2619 pro
662 2575 749 2620 ipsis
788 2576 1113 2619 peregrinationem
1147 2575 1357 2618 suscipiunt.
1416 2574 1470 2606 via
1497 2580 1618 2607 autem

155 2630 249 2664 quae
276 2619 322 2653 ad
344 2621 548 2664 sepulcrum
576 2621 688 2663 ducit,
714 2628 768 2655 est
791 2625 984 2668 asperrima
1011 2629 1046 2655 et
1065 2622 1286 2654 difficillima.
1339 2620 1495 2654 eundum
1523 2623 1618 2654 enim

154 2672 210 2700 est
234 2678 300 2711 per
325 2677 480 2707 arenam,
505 2680 578 2701 non
606 2669 695 2702 citra
717 2671 937 2703 camelorum
963 2670 1134 2702 alimenta
1153 2668 1377 2713 portantium
1406 2679 1522 2713 opem.
1549 2681 1617 2702 nee

154 2725 269 2759 aqua,
309 2725 380 2758 qua
420 2720 589 2756 utantur,
625 2716 670 2748 ad
707 2729 849 2750 manum
876 2722 1040 2762 prompta
1070 2721 1124 2748 est
1151 2714 1327 2748 sufficiens
1367 2718 1529 2749 omnino.
1580 2719 1616 2748 in

151 2760 249 2795 hunc
281 2761 390 2806 igitur
431 2761 576 2796 modum
619 2764 818 2798 necessaria
866 2768 1121 2810 praeparantes
1167 2763 1322 2796 camelos
1357 2763 1616 2805 conscendunt,
