1858 3210
535 149 606 189 DE
650 148 822 188 REBUS
862 144 1116 187 TURClClS
1158 146 1204 184 L.
1233 146 1304 184 Vl.
1531 138 1627 182 313

167 247 390 300 §nepsssuss'
448 248 580 303 ταύτῃ
611 251 661 303 τῇ
683 248 829 302 γνώμῃ
862 243 926 285 ἔτι
967 246 1039 297 τῆς
1070 245 1274 297 προτέρας
1308 241 1496 294 ἀμείνονι
1527 256 1629 282 συν-

163 302 362 356 vovebam
394 313 561 368 ἔφασαν
590 315 661 354 καί
689 311 727 353 οἱ
754 310 893 352 λοιποὶ
919 313 1004 351 τῶν
1033 310 1126 350 τότε
1156 307 1392 363 παρόντων.

275 381 478 422 Ἐνταῦθα
523 378 658 420 ἐδόκει
685 374 790 431 μήτε
818 373 1035 429 συμβολήν
1075 379 1292 416 ποιεῖσθαι
1322 373 1430 429 μήτε
1458 376 1628 428 α’ποχω-

144 451 264 501 ρεῖν,
295 447 528 499 τρίβεινΑὸὲ
569 444 642 486 τόν
669 441 822 497 χρόνον
850 442 983 483 αὐτοῦ
1017 444 1309 494 ἐπιμένοντας,
1355 441 1427 482 καί
1454 439 1627 494 ἅποχω·

129 516 290 566 5ροῦσι
318 518 403 560 τοῖς
435 510 646 563 πολεμίοις
684 511 972 560 ἐπιτίθεσθαι,
1003 506 1048 549 τὸ
1079 510 1150 561 τῆς
1183 507 1391 562 Εὐρώπης
1420 505 1628 559 στράτευ-

163 594 225 632 μα
256 579 580 630 ἐπιπέμποντας.
640 577 726 631 [καί
753 573 870 628 τήντε
895 572 1065 615 ἐἴσοδον
1093 576 1337 629 φυλάττειν,
1368 574 1424 622 ὥς
1450 572 1626 629 ὸέδύνη-

164 659 235 686 ται
262 643 312 685 τὰ
338 643 526 696 μάλιστα
557 643 849 694 ἀμυνομένους
877 642 1102 696 ἐδέδοκτο]
1159 640 1234 694 τήν
1263 655 1306 681 τε
1329 639 1492 682 εἴσοδον
1520 639 1625 696 §9015-
1642 648 1668 681 C

164 715 313 752 λαττον
339 705 366 767 ᾗ
395 708 620 763 ἐδύναντο,
652 707 708 755 ὥς
738 706 937 760 κράτιστα
967 705 1240 759 α’μυνόμενοι,
1298 707 1372 747 καί
1398 708 1626 760 ἐπειρῶντο

163 779 241 829 μὲν
270 778 467 831 παριέναι
509 775 546 816 οἱ
589 773 775 821 Παίονες
813 775 887 814 καί
913 774 1144 825 βιάζεσθαι
1184 772 1283 819 τούς
1318 773 1545 826 Τούρκους,
1577 776 1628 813 ου’

106 844 302 894 Ιῡμέντοι
348 840 569 885 ἐδύναντο·
637 839 693 888 ὥς
733 839 814 893 γάρ
861 839 1150 887 ἐπιπίπτοντες
1179 838 1399 891 ἐβιάζοντο
1425 841 1628 892 ἰσχυρῶς,

161 910 350 951 ἐνταῦθα
394 907 431 949 οὶ
474 906 615 949 λοιποὶ
650 908 732 947 ταῖν
770 904 968 957 Τοιῖρκων
1009 903 1295 960 ἐπεβοήθουν,
1325 906 1401 946 καί
1433 904 1628 957 ώθισμὸς

159 976 323 1028 ἐγένετο
354 974 621 1029 α’μφοτέρων.
678 974 793 1021 τέλος
823 973 868 1012 δὲ
901 972 1110 1023 ω’σάμενοι
1140 971 1239 1020 τους
1259 973 1455 1020 Παιόνας
1482 969 1519 1012 οἱ
1548 974 1626 1012 τοῦ

157 1042 365 1093 βασιλέως
397 1040 559 1080 ἵσταντο
590 1037 795 1091 ἐμποδών.
852 1037 1008 1091 χρόνου
1051 1038 1097 1078 δὲ
1128 1039 1438 1091 ἐπιγενομένου,
1471 1036 1528 1086 ὥς
1556 1037 1624 1078 ου’-

159 1107 230 1147 δὲν
255 1101 378 1160 ἤνυον
408 1103 446 1146 οἱ
469 1106 655 1152 Παίονες
685 1105 759 1146 καί
784 1106 892 1160 λιμῷ
913 1105 1136 1156 ἐπιέζοντο,
1157 1105 1345 1145 ἐνταῦθα
1372 1102 1625 1157 α’πεχώρουν

104 1170 212 1213 15τὰ
240 1168 421 1224 ἔμπαλιν
457 1169 686 1224 γενόμενοι.
759 1169 908 1219 νυκτὸς
947 1171 993 1210 δὲ
1036 1167 1402 1222 συσκευασάμενοι
1444 1165 1624 1223 ἐπορεύ-

159 1251 266 1279 οντο.
326 1236 382 1287 ὥς
414 1238 461 1278 δὲ
494 1236 579 1290 η’ώς
600 1236 820 1294 1·ὖπέ(]>αινε
848 1236 920 1277 καί
949 1236 994 1277 τὸ
1034 1237 1116 1277 τῶν
1148 1241 1359 1288 πολεμίων
1392 1234 1623 1289 στρατόπε-

158 1306 230 1345 δον
258 1300 403 1357 ἑώρων
434 1301 473 1344 οἱ
509 1305 687 1357 Τοῦρκοι
718 1300 951 1357 οἰχόμενον,
981 1301 1064 1342 ὑπὸ
1098 1301 1176 1356 τὴν
1204 1300 1332 1344 νύκτα
1363 1300 1524 1355 {laevom
1553 1304 1624 1344 ἐν-

159 1371 303 1412 ταῦθα
331 1367 623 1422 ἐπιλεξάμενος
653 1371 730 1410 τοῦ
762 1370 950 1422 στρατοῦ
969 1369 1105 1409 αὐτοῦ
1135 1365 1226 1410 ὅσοι
1260 1367 1407 1421 ἔμενον
1437 1370 1510 1410 καί
1537 1386 1623 1410 πα-

155 1437 484 1490 ρεσκευασμένοι
519 1431 646 1490 ἦσαν,
681 1437 892 1488 ἐπιτρέπει
926 1437 1102 1491 Χασιζιιῃ
1144 1437 1200 1490 τῷ
1240 1434 1449 1488 Εὐρώπης
1491 1442 1669 1490 στρα-Ι)

99 1509 144 1543 20
162 1503 270 1559 τηγῷ
299 1501 467 1542 διώκειν
498 1501 599 1549 τούς
630 1504 868 1555 πολεμίους,
897 1502 967 1541 καί
996 1498 1068 1541 τόν
1085 1517 1129 1554 γε
1152 1500 1403 1556 Τουραχάνη
1434 1502 1675 1543 ἑκέλευενν.
1692 1505 1758 1539 130

155 1567 338 1609 ἕπεσθαι
371 1566 521 1620 ἔχοντα
550 1566 594 1608 τό
627 1570 700 1622 τῆς
723 1568 953 1616 Θετταλίας
985 1566 1243 1621 στράτευμα.
1293 1561 1412 1615 οὗτος
1437 1570 1515 1620 μὲν
1545 1563 1620 1609 οὖν

154 1633 300 1686 λαβών
329 1634 514 1689 τούτους,
549 1631 605 1683 ὥς
636 1630 724 1686 εἶχε
755 1635 917 1685 ποδῶν,
948 1629 1125 1687 ἤλαυνεν
1158 1634 1392 1675 ἐπιδιώκων
1419 1633 1518 1682 τούς
1547 1649 1622 1675 πο-

155 1702 348 1753 λεμίους·
418 1702 509 1742 έπεί
553 1702 598 1741 δὲ
643 1699 833 1755 Ἰωάννης
868 1700 1041 1756 προῄδει
1083 1699 1180 1749 τούς
1219 1699 1433 1755 Τούρκους
1474 1702 1622 1757 σφίσιν

251 1807 279 1838 1.
309 1805 371 1852 ἔτι]
397 1806 457 1840 ἐπὶ
483 1806 506 1839 Ρ

157 1915 303 1954 tentiae,
332 1915 416 1960 quia
434 1915 670 1960 praecedente
697 1918 810 1950 tutior
835 1923 872 1950 et
898 1917 1027 1950 melior
1053 1922 1139 1956 erat,
1167 1917 1276 1950 etiam
1303 1918 1434 1963 reliqui
1460 1917 1521 1963 qui
1549 1917 1616 1950 ad-

158 1967 261 1995 erant
289 1972 501 1995 consensum
534 1968 716 2008 praestare
750 1963 846 1996 haud
879 1970 965 1997 sunt
1001 1965 1170 1997 cunctati.

247 2009 435 2042 Decretum
463 2009 571 2052 igitur
595 2016 649 2043 est
676 2022 795 2055 neque
819 2022 977 2056 pugnare
998 2022 1117 2056 neque
1146 2011 1299 2044 cedere:
1323 2012 1432 2054 magis
1453 2010 1622 2055 placebat

155 2059 295 2099 tempus
310 2055 511 2089 cunctando
525 2056 678 2099 trahere,
693 2057 826 2091 deinde
846 2058 1010 2091 hostibus
1035 2058 1252 2091 abeuntibus
1270 2058 1468 2093 inhaerere.
1508 2059 1622 2091 Euro-

153 2112 220 2146 pae
234 2103 356 2148 itaque
370 2104 566 2137 exercitum
581 2105 766 2146 miserunt,
781 2111 820 2138 ut
837 2105 938 2138 aditu
954 2106 1072 2139 hostes
1090 2117 1196 2150 quam
1212 2107 1382 2139 acerrime
1398 2105 1620 2150 prohiberet.

152 2147 241 2182 haec
265 2149 328 2182 ubi
353 2151 427 2183 visa
453 2157 549 2192 sunt,
579 2163 716 2184 summa
734 2153 768 2184 vi
792 2154 974 2197 angustias
990 2152 1246 2193 defenderunt,
1273 2165 1318 2186 ne
1336 2154 1469 2185 intrare
1487 2158 1621 2197 posset.

152 2196 377 2230 conabantur
393 2199 535 2243 saepius
552 2199 739 2232 Pannones
754 2200 952 2245 irrumpere
970 2205 1008 2234 et
1019 2201 1155 2233 Turcos
1171 2212 1214 2233 ex
1233 2199 1393 2232 custodia
1410 2199 1620 2232 deturbare:

151 2252 274 2275 verum
299 2243 392 2277 nihil
430 2245 712 2288 promovebant:
750 2258 832 2279 nam
859 2258 901 2279 eo
929 2248 999 2280 loci
1036 2246 1099 2279 ubi
1138 2258 1370 2292 perrumpere
1398 2246 1623 2286 nitebantur,

153 2289 671 2325 sunuel-resistebantTun-ci.
713 2298 749 2326 et
776 2293 922 2339 utrique
948 2294 1204 2339 pellebantur:
1228 2305 1349 2327 verum
1371 2294 1479 2325 'I'urci
1510 2294 1622 2338 pulsis

154 2335 385 2370 pannonibus
411 2350 516 2384 quam
532 2339 726 2373 fortissime
752 2340 987 2374 obsistebant.
1015 2353 1092 2374 cum
1117 2341 1267 2374 multum
1289 2341 1461 2384 temporis
1477 2340 1621 2373 tandem

153 2382 426 2424 intercessisset,
452 2397 518 2418 nee
544 2387 738 2432 quicquam
773 2388 961 2421 Pannones
1002 2388 1204 2426 efficerent,
1233 2389 1326 2420 fame
1354 2387 1468 2420 coacti
1494 2398 1624 2420 neces—

153 2430 247 2463 sario
280 2436 386 2470 retro,
414 2443 486 2477 qua
510 2440 698 2474 venerant,
723 2434 854 2478 pedem
879 2436 972 2468 ferre
1004 2435 1328 2479 compellebantur.
1379 2439 1485 2466 nocte
1515 2435 1625 2478 igitur

153 2477 316 2510 collectis
353 2478 619 2523 impedimentis
657 2492 699 2513 ex
735 2482 861 2514 castris
886 2482 1174 2526 proficiscuntur.
1237 2487 1276 2514 ut
1325 2491 1452 2513 aurora
1491 2481 1624 2522 illuxit,

152 2522 274 2557 hostes
298 2524 510 2559 abscessisse
551 2533 662 2561 noctu
693 2535 950 2572 cognoscentes
995 2530 1101 2562 Turci
1141 2529 1327 2572 paulisper
1369 2527 1621 2561 substiterunt.

150 2582 213 2603 rex
238 2570 370 2604 deinde
395 2572 531 2616 eligens
558 2573 603 2607 de
632 2586 699 2607 suo
730 2576 889 2608 exercitu
912 2587 1038 2608 omnes
1069 2581 1253 2619 quotquot
1283 2580 1488 2608 manserant
1516 2581 1552 2607 et
1577 2575 1621 2608 ad

151 2618 326 2661 praelium
353 2619 514 2652 instructi
542 2627 654 2661 erant,
684 2632 746 2654 eos
773 2622 937 2667 Europae
975 2622 1055 2654 duci
1091 2621 1249 2658 tradidit.v
1279 2628 1317 2654 ut
1346 2628 1622 2667 persequeretur

151 2663 284 2698 hostes.
344 2665 590 2699 'surachanem
628 2679 710 2700 vero
754 2668 922 2713 subsequi
963 2670 1066 2702 iussit
1103 2680 1182 2701 cum
1211 2667 1420 2700 Thessaliae
1446 2670 1615 2702 exercitu.

152 2710 214 2745 ille
243 2713 350 2756 igitur
376 2714 566 2758 assumptis
592 2715 635 2747 iis
660 2727 749 2760 quos
771 2727 831 2748 rex
855 2716 1015 2756 dederat,
1044 2716 1254 2749 citatissimo
1279 2727 1381 2748 cursu
1413 2715 1535 2749 hostes
1564 2717 1619 2749 in-
