1748 3210
231 214 250 253 1
261 212 321 255 52
543 214 759 258 LAONlci
809 217 1317 260 CHALCOCONDYLAE

225 309 275 352 ἂν
299 314 338 353 εἰ
371 314 656 364 μαχεσάμενοι
703 318 1039 368 περιγενοίμεθα,
1069 315 1132 369 εἴη
1165 313 1214 357 ἂν
1243 313 1340 369 ἡμῖν
1369 312 1517 371 ὄφελος
1550 315 1654 371 ὁτῳ-

226 378 314 416 οῦν.
372 379 411 416 εἰ
435 379 512 427 μὲν
539 376 617 430 γὰρ
650 379 692 425 ἐς
719 377 794 431 τήν
835 381 998 420 ἐκείνων
1026 377 1288 431 ἐσβάλλοντες
1315 381 1576 433 ἐμαχόμεθα,
1607 375 1655 432 ἦν

224 435 276 481 ἂν
307 439 415 492 ὁμοῦ
442 439 658 492 ξύμπαντα
688 443 842 496 α’γαθά,
872 445 972 497 περί
992 459 1035 484 τε
1063 447 1134 496 τῆς
1161 445 1294 498 α’ρχῆς
1319 446 1476 486 ἐκείνου
1505 445 1654 498 α’γωνιί-

226 506 374 554 ζεσθαι
402 507 475 546 και*
501 507 598 558 περὶ
622 508 692 560 τῆς
719 506 945 559 δυνάμεως.
1003 510 1075 548 νῦν
1096 510 1142 549 δὲ
1160 511 1231 549 καί
1252 505 1301 562 ἢν
1328 511 1387 555 εἰς
1415 509 1554 564 μάχην
1581 525 1652 549 κα-

187 569 470 621 Οθιστοίμενοι
515 571 822 624 μαχεσώμεθα,
862 573 984 613 οὐδὲν
1033 572 1100 613 διὰ
1147 576 1266 614 τοῦτο
1296 573 1393 627 ἡμῖν
1421 572 1548 614 ἔσται.
1605 569 1686 626 ἢνὸ

224 635 284 687 δέ,
313 631 413 687 ὅπερ
444 634 708 689 α’πεύχομαι,
735 638 777 684 ἐς
806 636 1048 678 τούναντιόν
1076 635 1175 690 ἡμῖν
1205 637 1256 678 τὰ
1291 641 1511 691 πράγματα
1539 653 1654 689 περι-

222 701 322 754 στῇ,
361 698 502 740 σκόπει
537 698 586 753 δὴ
614 695 648 741 ὦ
675 702 847 752 βασιλεῦ
876 700 1013 742 ὁποῖον
1045 700 1309 754 α’ποβήσεταί
1337 717 1399 742 σοι
1444 699 1525 742 α’πὸ
1553 701 1654 742 τού..

221 779 322 815 του,
364 763 436 816 τήν
478 779 519 804 τε
553 763 733 816 δύναμιν
772 762 859 816 ἅμα
889 765 958 805 καί
998 768 1214 818 βασιλείαν
1234 765 1495 818 α’ποβάλοντι.
1555 768 1655 817 ξυμ-

221 830 358 879 βαίνει
387 829 434 880 δὴ
470 825 544 870 οὖν
561 844 628 870 σοι
655 828 713 882 μή
746 828 826 869 ἀπὸ
854 832 930 870 τοῦ
956 828 1049 870 ἴσου
1073 826 1350 882 ἀγωνίζεσθαι
1377 832 1444 872 σοι’
1471 831 1652 886 κάκείνῳ.

222 894 421 944 πείθομαι
453 895 498 933 δὲ
536 894 640 946 μηδὲ
670 894 879 943 σύμπαντι
909 896 964 949 τῷ
1007 893 1291 946 στρατεύματι
1340 894 1506 948 Τεμήρη
1533 898 1651 947 βασι·
1667 902 1710 936 10

221 958 308 1008 λεά,
333 958 374 998 εἰ
397 964 616 1011 σωφρονεῖ,
649 956 886 1010 τὴννμάχην
903 959 1171 1012 ποιήσασθαι,
1203 956 1294 998 ἀλλ’
1324 961 1365 1006 ἐς
1391 960 1541 1013 μοίρας
1567 957 1655 1000 ixa·

223 1019 297 1069 νοὶς
343 1020 580 1074 διελόμενος
621 1022 752 1063 αὐτοῦ
799 1022 849 1062 τοὶ
880 1024 1172 1074 στρατεύματα
1202 1025 1501 1076 διαπειρᾶσθαι
1528 1024 1654 1077 ἡμῶν,

223 1087 295 1126 καί
329 1088 367 1127 εἰ
397 1089 475 1137 μὲν
515 1088 564 1142 τῇ
601 1089 680 1142 μιᾷ
711 1087 837 1142 μοι’ρᾳ
874 1089 1037 1128 ἐναντία
1072 1087 1196 1134 ἰόντες
1233 1090 1574 1140 περιγενοίμεθα,
1605 1089 1655 1143 τῇ

221 1149 340 1207 ἑτέρᾳ
369 1147 497 1198 αὖθις
525 1153 610 1202 μετ’
644 1151 696 1191 ου’
725 1150 828 1192 πολύ
858 1150 1121 1204 χρησάμενος
1139 1183 1149 1202 ,
1180 1154 1222 1200 ἐς
1250 1150 1271 1192 ὃ
1300 1150 1348 1205 δὴ
1381 1149 1655 1205 ἀπαγορεύειν

176 1225 207 1257 D
226 1212 332 1268 ἡμᾶς
362 1218 599 1267 καμοῦντας
624 1219 878 1268 μαχομένοις
909 1214 1102 1264 ἐκείνοις·
1159 1215 1303 1270 ου’γοὶρ
1333 1215 1519 1258 τοιοῦτόν
1545 1218 1655 1257 ἐστιν
1669 1225 1711 1258 15

221 1278 268 1320 τό
304 1279 460 1321 ἐκείνου
489 1280 744 1333 στράτευμα,
776 1277 860 1323 οἷον
891 1279 1060 1321 ἐπειδάν
1093 1283 1134 1328 ἐς
1165 1287 1309 1333 χεῖρας
1337 1282 1546 1336 α’φίκηται,
1574 1283 1655 1323 αό-

221 1347 315 1385 τίκα
347 1347 389 1393 ἐς
418 1344 554 1398 φυγήν
583 1345 839 1399 τραπόμενον
865 1345 1083 1398 οἴχεσθαι·
1141 1345 1246 1386 α’λλὰ
1275 1345 1347 1386 καί
1373 1349 1416 1386 ἐν
1443 1347 1495 1401 τῇ
1524 1348 1657 1402 τροπῇ

219 1412 383 1462 βέλτιον
411 1411 547 1463 ἡμῶν,
581 1409 890 1465 ἀναλαμβάνειν
914 1425 956 1451 τε
997 1413 1106 1464 σφᾶς
1135 1410 1351 1459 συνιόντας
1378 1410 1656 1464 πυνθάνομαι,

221 1475 293 1515 καί
319 1475 664 1527 α’ναμαχομένους
703 1474 863 1528 μεγάλα
908 1475 1229 1516 ἀποδείκνυσθαι
1255 1473 1369 1528 ἔργα.
1443 1477 1559 1516 δοκεῖ·
1581 1471 1655 1516 οὖν

221 1554 295 1591 μοι
327 1537 454 1591 ὁμόσε
483 1542 620 1591 μέντοι
648 1539 705 1592 μή
739 1539 879 1580 ἵεσθαι
909 1541 979 1580 ἐπί
1004 1539 1047 1580 τὸ
1083 1538 1280 1593 Τεμὴρεω
1309 1540 1558 1594 στράτευμα,
1581 1539 1650 1581 διὰ
1665 1547 1710 1579 20

223 1606 269 1646 δὲ
300 1606 382 1646 τῶν
413 1605 545 1657 ὀρέων
565 1607 867 1658 πορευομένους
894 1602 1139 1658 ἐφέπεσθαι,
1166 1602 1230 1645 ὅτι
1257 1604 1460 1658 ἐγγύτατα
1489 1607 1654 1658 γενομέ-

223 1684 331 1720 νους,
361 1670 431 1710 καί
460 1666 538 1725 ὅπῃ
585 1685 628 1709 τε
659 1668 922 1723 προχωροίη,
955 1672 1180 1717 κακοῦντας
1209 1671 1252 1710 ἐν
1281 1671 1399 1722 με’ρει
1422 1669 1466 1711 τὸ
1497 1672 1653 1711 ἐκείνου

223 1860 304 1882 men
333 1854 369 1882 et
393 1850 419 1881 si
449 1850 571 1893 praelii
601 1851 712 1882 aleam
738 1850 922 1882 jecerimus
949 1851 1194 1894 praeliumque
1225 1861 1288 1883 nos
1315 1850 1464 1883 victores
1491 1849 1652 1882 declara-

223 1897 334 1935 verit,
358 1897 477 1928 nescio
503 1906 594 1940 quae
620 1895 702 1928 inde
729 1896 831 1928 nobis
856 1896 902 1928 sit
937 1896 1054 1928 futura
1082 1897 1227 1928 utilitas.
1276 1896 1338 1928 sed
1363 1896 1391 1928 si
1417 1896 1570 1929 hostium
1596 1907 1652 1928 re-

225 1942 364 1985 gionem
401 1942 567 1974 fuerimus
611 1942 775 1985 ingressi,
814 1942 936 1986 ibique
962 1943 1085 1986 praelii
1110 1943 1286 1975 fortunam
1311 1942 1480 1974 fuerimus
1505 1942 1652 1986 experti,

225 1987 406 2020 commoda
431 1989 579 2032 plurima
607 1987 777 2028 feremus,
803 1989 992 2032 pugnaturi
1017 1988 1184 2021 videlicet
1209 2000 1271 2032 pro
1299 1999 1413 2031 regno‘
1432 1994 1468 2021 et
1490 1989 1652 2033 potentia

225 2034 374 2067 Temiris
398 2034 635 2078 acquirendis.
683 2045 776 2066 nunc
802 2039 917 2066 autem
947 2035 974 2066 si
1001 2045 1167 2066 summam
1194 2035 1244 2066 rei
1269 2035 1448 2067 certamini
1467 2034 1651 2067 commise-

226 2082 346 2119 rimus,
375 2090 414 2111 ea
439 2091 660 2124 nequaquam
688 2080 864 2112 evenient.
890 2081 945 2112 sin
973 2086 1102 2121 autem,
1130 2080 1222 2113 absit
1238 2092 1352 2120 omen,
1378 2081 1415 2113 in
1441 2081 1650 2113 contrarium

226 2138 280 2159 res
306 2125 483 2166 ceciderit,
510 2126 589 2158 vide
615 2136 706 2170 quae
734 2126 859 2158 damna
885 2138 1047 2170 passurus
1073 2128 1131 2167 sis,
1159 2127 1322 2159 amittens
1351 2127 1546 2171 potentiam
1573 2131 1652 2159 tan-

225 2178 295 2205 tam
325 2183 541 2216 regnumque
569 2171 732 2204 tantum?
759 2178 905 2216 apparet
922 2173 1027 2214 igitur
1054 2173 1150 2217 quod
1175 2178 1213 2205 tu
1239 2178 1275 2205 et
1292 2173 1355 2204 ille
1378 2183 1450 2205 non
1466 2183 1508 2205 ex
1535 2182 1650 2216 aequo

225 2219 401 2263 pugnetis.
449 2218 600 2250 arbitror
628 2223 745 2250 autem
774 2229 840 2250 nec
858 2218 1044 2256 Temimux,
1071 2220 1099 2251 si
1128 2218 1231 2251 modo
1257 2219 1360 2262 sapit,
1386 2229 1462 2250 cum
1489 2219 1650 2251 universo

227 2266 383 2297 exercitu
419 2265 590 2309 praelium
629 2264 818 2296 initurum:
856 2275 974 2296 verum
1000 2265 1118 2308 copias
1144 2275 1220 2297 suas
1249 2263 1436 2297 distribuet
1459 2265 1496 2297 in
1520 2270 1650 2296 turmas

225 2322 365 2354 magnas
391 2317 427 2344 et
453 2311 590 2349 multas,
614 2315 650 2342 et
673 2310 710 2342 in
739 2309 832 2342 hunc
857 2310 999 2342 modum
1025 2322 1090 2344 nos
1117 2310 1280 2343 tentabit.
1330 2315 1366 2343 et
1390 2311 1418 2342 si
1449 2310 1651 2343 resistentes

226 2358 366 2390 fortiter
387 2363 535 2390 turmam
562 2367 666 2388 uuam
689 2356 887 2396 nucerinum,
922 2357 1068 2389 alteram
1097 2363 1133 2389 et
1161 2362 1336 2389 recentem
1362 2356 1467 2389 nobis
1493 2361 1652 2401 opponet

226 2403 373 2442 tamdiu,
397 2403 510 2436 donec
534 2402 735 2435 laborantes
759 2401 974 2439 deficiamus,
1002 2403 1074 2435 illis
1099 2408 1239 2435 strenue
1267 2401 1517 2447 pugnantibus.
1554 2401 1650 2434 haud

227 2449 322 2482 enim
347 2450 397 2482 sic
424 2449 574 2482 Temiris
613 2448 737 2493 copiae
766 2453 847 2480 sunt
871 2454 1087 2492 comparatae
1115 2454 1175 2487 ut,
1209 2449 1269 2481 ubi
1294 2449 1339 2480 ad
1367 2448 1537 2492 praelium
1561 2459 1651 2480 ven·

227 2502 300 2527 tum
329 2495 446 2535 fuerit,
472 2496 588 2528 statim
615 2495 651 2527 in
678 2494 791 2538 fugam
818 2493 963 2526 abeant:
1005 2506 1123 2526 verum
1149 2495 1252 2527 etiam
1279 2495 1313 2526 in
1342 2494 1422 2538 suga
1447 2494 1550 2526 nobis
1575 2505 1650 2526 me-

228 2543 334 2573 liores
360 2547 458 2579 sunt.
502 2548 537 2574 et
562 2541 698 2572 facilius
729 2541 765 2572 in
792 2551 900 2572 unum
927 2541 1144 2583 colliguntur
1170 2540 1348 2584 dispersi,‘
1363 2550 1486 2582 magna
1511 2540 1650 2573 virtutis

228 2588 371 2619 edentes
399 2599 517 2632 opera.
568 2597 695 2619 censeo
719 2587 838 2632 itaque
866 2597 937 2619 non
964 2586 1102 2618 obviam
1130 2587 1283 2619 eundum
1311 2597 1384 2619 esse
1410 2586 1561 2619 'remiris
1587 2596 1647 2618 ex-

229 2634 376 2665 ercitui:
420 2645 537 2666 verum
567 2634 690 2665 melius
730 2638 763 2664 et
794 2633 913 2664 utilius
942 2631 1026 2664 mihi
1063 2632 1200 2664 videtur
1226 2638 1264 2664 ut
1289 2643 1367 2664 eum
1398 2631 1652 2676 subsequamur

228 2690 290 2723 per
312 2685 462 2717 montes,
489 2691 591 2726 qnam
622 2679 778 2723 proxime
803 2689 940 2722 semper
966 2679 1155 2717 instantes,
1182 2679 1328 2723 eiusque
1357 2678 1547 2710 exercitum
1572 2678 1651 2710 lae-

230 2725 363 2765 dentes,
393 2725 594 2771 ubicunque
624 2726 760 2758 occasio
786 2736 821 2758 se
849 2724 997 2758 dederit.
1046 2724 1127 2756 hinc
1155 2724 1338 2770 apparebit
1362 2735 1381 2757 a
1410 2724 1652 2769 populationi-
