1858 3210
516 188 588 228 DE
628 187 803 228 REBUS
842 183 1096 227 TURClClS
1137 185 1184 225 L.
1213 186 1266 224 V.
1510 178 1607 224 233

139 299 292 343 nuptu,
323 286 395 329 διὰ
426 289 502 330 τοῦ
530 285 662 341 πυρὸς
705 290 831 326 κινεῖν
860 300 903 325 τε
946 285 1164 339 α’,ιιὴχανον
1209 285 1279 326 καὶ
1321 283 1493 337 βάλλειν
1522 298 1609 336 μα-

144 351 346 409 κρότατα.

253 416 357 461 Τότε
387 421 466 472 μὲν
503 413 578 460 οὖν
615 416 886 471 Ἀμουροίτης
924 414 945 456 ὃ
991 419 1231 470 Μεχμέτεω
1271 415 1510 471 τηλεβόλοις
1536 417 1611 456 κατ’

138 478 288 533 ἄλλαις
316 490 531 540 μηχαναῖς
562 482 871 536 πειρασάμενος
901 484 977 524 τοῦ
1004 484 1170 536 τείχους
1199 483 1296 536 περὶ
1324 480 1486 537 ἡμέρας
1514 479 1606 523 ἱκα-

101 547 210 599 5νοῖς
238 554 471 605 προσέβαλε
504 553 563 607 τῷ
591 552 723 603 τείχει
755 549 979 605 ἁπανταχῇ
1006 550 1079 590 καί
1108 546 1217 590 ἑλεῖν
1247 548 1456 602 ἐπειρᾶτο.
1515 548 1607 598 ἐξε-

134 615 367 668 κρούσαντο
413 619 460 658 δὲ
506 615 639 657 αὐτὸν
677 614 760 656 οἷπό
795 631 838 657 τε
866 618 948 656 τῶν
990 615 1205 668 κλιμάκων
1232 612 1539 667 καταβαλόντες
1568 611 1606 655 οἱ

123 678 315 736 Ἓλληνες
358 681 458 732 τοὺς
496 683 707 736 βασιλέως
750 681 979 736 νεήλυδας,
1026 683 1100 722 καί
1137 684 1260 723 ἐνίων
1289 680 1605 733 ἀποταμόμενοι

131 747 204 797 τὰς
232 747 420 805 κεφαλὰς
449 751 740 804 ἀπηνέγκαντο.
798 747 1061 802 Ἀμουρατης
1090 749 1138 802 δ’,
1168 744 1226 796 ὦς
1258 748 1383 789 ου’δὲν
1412 744 1603 800 προεχώ-

133 831 197 870 ρει
226 814 251 870 ἦ
282 818 361 857 τοῦ
393 812 553 864 ἄστεως
583 817 771 870 αἵρεσις,
811 810 998 868 ἦσχαλλέ
1031 829 1076 855 τε
1115 813 1189 854 καί
1218 811 1392 867 ἠθύμει,
1419 807 1523 870 ᾤετο
1552 815 1599 855 δὲ

75 879 324 935 ωαῖρήσειν
353 881 428 936 τὴν
455 881 590 923 πόλιν.
649 880 911 935 διατρίβοντι
956 882 1002 922 δὲ
1033 878 1148 937 αὐτῷ
1176 878 1531 935 ἑπεκηρυκεύοντό
1558 890 1639 923 τεο

129 946 168 990 οἱ
187 946 375 1004 Ἓλληνες
395 965 407 976 ·
487 949 580 988 ἀλλ’
608 949 699 988 οὐδ’
727 945 784 995 ὥς
826 943 976 1001 ἤθελεν
1005 948 1150 996 αὐτοῖς
1177 947 1449 989 σπένδεσθαι.
1505 947 1602 998 μετ’

129 1014 180 1056 οὔ
211 1016 258 1058 δὲ
286 1014 445 1064 πολλοῖς
493 1015 655 1070 ἡμέρας
687 1012 903 1067 ἀπεχώρει
937 1016 1002 1054 ἐπ’
1036 1012 1178 1070 οἴκου,
1211 1015 1284 1054 καί
1311 1011 1362 1055 τὰ
1392 1012 1602 1066 στρατεύ-

126 1097 243 1133 ματα
271 1081 388 1138 αὕτῷ
417 1083 568 1136 διῆκεν.
628 1079 760 1133 οἱμὲν
791 1076 868 1122 οὖν
890 1076 1084 1135 (Έλληνες
1113 1082 1309 1134 πρέσβεις
1338 1094 1384 1122 τε
1414 1077 1601 1132 ἔπεμπον

126 1146 243 1200 παρὰ
270 1147 508 1202 Ἀμουράτη
539 1149 610 1189 καί
639 1148 831 1189 ἐδέοντο·
878 1143 898 1186 ὅ
933 1148 978 1188 δὲ
1007 1147 1277 1198 α’πεπέμπετο
1308 1146 1383 1186 καί
1411 1145 1464 1186 ου’
1494 1159 1599 1197 προ-

26 1211 31 1226 ⁷
72 1215 242 1258 ιόσίετο
270 1212 342 1268 τὴν
375 1215 563 1263 α’ξιάισιν.
622 1212 727 1266 μετὰ
760 1215 807 1255 δὲ
835 1214 984 1265 ταῦτα,
1018 1212 1076 1261 ὥς
1093 1214 1368 1267 πειρωμένοις
1398 1217 1483 1261 τοῖς
1505 1208 1597 1252 Ἕλ-

6 1306 27 1337 3,
126 1282 223 1332 λησι
254 1281 339 1322 τῶν
368 1282 560 1322 σπονδῶν
593 1280 720 1321 οὐδὲν
747 1278 1005 1334 προεχώρει,’
1029 1280 1254 1333 τρέπονται
1281 1279 1353 1320 ἐπί
1377 1277 1449 1320 τόν
1470 1281 1597 1319 Mov-

6 1340 28 1405 f}
125 1347 296 1400 σταφᾶν
326 1344 397 1386 τὸν
417 1348 659 1398 ΙΙΙεχμέτεω
691 1347 841 1386 παῖδα.
897 1343 1021 1399 ἔτυχε
1051 1346 1097 1386 δὲ
1126 1344 1358 1399 διατρίβων
1386 1344 1503 1398 παρὰ
1536 1345 1593 1401 τῷ

14 1411 30 1435 ‘²
125 1410 381 1469 Καραμάνῳ
410 1410 486 1466 τήν
514 1411 683 1453 ὁίἀιταν
713 1410 975 1464 ποιούμενος.
1047 1413 1244 1464 πρέσβεις
1273 1412 1319 1452 δὲ
1346 1413 1591 1464 πέμψαντες

4 1420 27 1538 ἓ
123 1479 436 1530 μετεπέμποντο
482 1480 553 1520 ε’πί
579 1476 820 1529 Βυζάντιον
854 1477 926 1519 τὸν
969 1479 1128 1531 παῖδα,
1171 1476 1367 1531 γεγονότα
1398 1473 1515 1532 οἷμφί
1540 1477 1592 1518 τά

12 1543 25 1570 '⁸'
67 1547 397 1597 zotpaeoum'dexa
414 1542 502 1599 ἔτη.
537 1543 631 1587 ἐπεὶ
659 1546 705 1586 δὲ
732 1544 906 1598 α’φίκετο
935 1546 977 1593 ἐς
995 1543 1226 1595 Βυζάντιον
1254 1542 1276 1584 ὁ
1295 1549 1406 1599 παῖς,
1433 1541 1593 1595 ἔπεμπε

126 1607 272 1663 λόγους
301 1609 418 1664 παρὰ
459 1609 555 1660 τούς
595 1610 831 1666 Τούρκους,
861 1610 1026 1664 μεγάλα
1055 1626 1100 1651 τε
1134 1608 1486 1663 ὑπισχνούμενος,
1522 1611 1637 1654 nain

123 1675 280 1728 μετιών
308 1674 482 1720 ἕκαστον
512 1678 785 1733 ἐπηγγέλλετο
824 1678 1034 1720 διπλασίω
1077 1675 1244 1719 πάντων
1273 1671 1334 1718 ὧν
1363 1672 1475 1730 εἶχεν
1506 1673 1589 1717 ὑπὸ

11 235 28 281 2

7 301 35 455 Ξ

7 1855 27 1896 5
129 1867 345 1912 potentiam,
369 1866 619 1901 intercedente
647 1868 741 1912 igne,
769 1879 924 1901 movere.
975 1867 1107 1912 quibus
1132 1866 1299 1900 omnibus
1324 1866 1526 1900 coniunctis
1553 1866 1594 1900 fit

30 1937 33 1942 ,
127 1918 170 1947 ut
194 1913 287 1958 lapis
313 1916 386 1947 sive
415 1914 544 1958 globus
569 1916 606 1947 in
636 1921 773 1948 tantam
802 1914 1067 1958 longitudinem
1090 1915 1252 1949 iaciatur.

0 1907 30 2011 ξ
223 1962 409 1994 Amurates
446 1963 557 2005 igitur
582 1963 795 1995 Mechmetis
822 1963 941 2002 filius,
971 1973 1155 2006 aggressus
1180 1972 1335 2003 murum,
1362 1961 1501 2006 ubique
1527 1959 1594 1993 ad·-

128 2008 237 2041 motia
262 2007 470 2041 bombardis
513 2015 549 2042 et
574 2009 655 2042 aliis
677 2009 853 2042 machinis
889 2021 969 2041 eum
998 2020 1126 2054 capere
1160 2009 1354 2042 nitebatur.
1405 2014 1441 2041 at
1465 2008 1593 2041 Graeci

123 2054 269 2087 moenia
303 2055 447 2088 fortiter
466 2055 732 2095 defendebant,
768 2056 813 2089 de
849 2057 953 2089 scalis
991 2056 1225 2089 deturbantes
1252 2056 1462 2101 peregrinos
1491 2056 1594 2099 regis.

126 2101 274 2146 quidam
298 2104 490 2148 amputatis
515 2104 691 2148 capitibus
718 2103 1004 2137 devolvebantur
1021 2103 1065 2136 ad
1094 2115 1189 2136 suos.
1207 2105 1394 2136 Amurates
1423 2114 1502 2135 cum
1531 2103 1592 2134 ni-

123 2147 180 2181 hil
205 2149 371 2190 efficeret,
398 2150 486 2183 licet
510 2152 630 2183 omnia
656 2156 815 2184 tentaret
841 2162 933 2196 quae
961 2150 1005 2183 ad
1040 2151 1164 2183 urbem
1192 2150 1402 2195 capiendam
1427 2150 1591 2194 pertine-

125 2201 218 2236 rent,
245 2197 394 2239 tristitia
438 2200 585 2231 affectus
613 2204 688 2240 est;
726 2204 763 2231 et
786 2199 894 2230 animi
924 2199 1050 2231 anxius
1078 2209 1192 2242 usque
1218 2198 1371 2242 putabat
1398 2209 1435 2229 se
1465 2197 1589 2229 urbem

125 2248 395 2288 occupaturum.
444 2255 560 2278 moras
585 2245 695 2288 igitur
725 2257 803 2278 cum
829 2250 992 2278 necteret
1018 2256 1086 2278 nec
1115 2245 1160 2277 ab
1186 2244 1284 2277 urbis
1311 2244 1504 2277 obsidione
1534 2243 1591 2276 di-

124 2289 302 2332 scederet,
327 2291 542 2325 Graecorum
566 2292 674 2335 legati
703 2293 858 2325 veniunt
881 2303 1003 2337 pacem
1030 2298 1066 2325 et
1086 2291 1216 2324 foedus
1243 2297 1420 2336 petentes.
1448 2297 1486 2324 at
1511 2291 1590 2335 ipse

124 2335 280 2371 Graecos
308 2338 346 2370 in
370 2338 498 2372 foedus
524 2341 705 2384 suscipere
733 2339 1015 2384 aspernabatur3
1041 2350 1109 2372 nec
1134 2339 1257 2372 multis
1283 2338 1412 2372 diebus
1442 2343 1526 2382 post
1551 2348 1589 2370 re

122 2383 259 2418 infecta
284 2383 427 2418 domum
454 2397 614 2420 reversus
641 2393 706 2420 est.
756 2388 881 2431 copiae
897 2398 982 2419 vero
1008 2387 1085 2419 eius
1112 2398 1236 2419 omnes
1262 2385 1520 2418 dilabebantur
1544 2384 1590 2417 ad.

125 2440 201 2463 sua.
252 2431 379 2465 Graeci
405 2433 540 2477 legatos
566 2434 619 2466 ire
648 2435 830 2467 iusserunt
857 2434 902 2466 ad
921 2435 1139 2474 Amuratem,
1167 2439 1307 2466 oratum
1333 2443 1477 2477 pacem3
1497 2443 1589 2476 quos

123 2475 264 2511 dimisit
288 2480 498 2521 Amurates,
535 2482 693 2526 ipsorum
726 2481 940 2526 petitionem
978 2486 1171 2514 aversatus.
1220 2492 1300 2513 cum
1326 2480 1436 2522 igitur
1460 2479 1587 2511 Graeci

123 2526 332 2559 affectarent
359 2528 503 2561 summis
529 2529 619 2561 votis
647 2539 782 2572 pacem,
810 2540 878 2562 nec
902 2534 1023 2561 tamen
1051 2540 1127 2561 eam
1155 2528 1403 2571 impetrarent,
1431 2525 1476 2558 ad
1501 2526 1587 2558 Mu-

122 2572 284 2617 stapham
315 2580 584 2615 convertuntur,
610 2575 822 2609 Mechmetis
848 2576 973 2608 filium.
1025 2586 1066 2608 ea
1092 2579 1307 2618 tempestate
1335 2574 1364 2605 is
1391 2572 1487 2618 apud
1516 2574 1588 2606 Ca-

123 2629 306 2653 ramanum
333 2621 487 2663 agebat,
513 2622 645 2656 victum
683 2629 719 2656 et
746 2624 945 2656 necessaria
975 2622 1020 2655 ab
1048 2633 1090 2656 eo
1126 2623 1284 2667 capiens,
1334 2620 1452 2653 missis
1477 2621 1588 2663 igitur

122 2665 251 2711 legatis
279 2667 407 2700 Graeci
432 2669 662 2714 Mustapham
687 2669 900 2703 Mechmetis
940 2670 1075 2710 filium,
1104 2680 1184 2701 cum
1221 2674 1326 2701 natus
1353 2673 1448 2701 esset
1471 2679 1584 2700 annos

121 2713 306 2754 tredecim,
327 2722 524 2749 accersunt.
584 2728 674 2761 puer
697 2717 761 2750 ubi
789 2717 995 2760 Byzantium
1021 2717 1134 2757 venit,
1158 2726 1341 2748 sermones
1367 2715 1495 2759 sparsit
1521 2726 1586 2760 per

121 2759 271 2803 Tui-cos,
295 2763 431 2806 magnis
471 2764 652 2808 promissis
691 2775 752 2798 eos
778 2764 997 2808 accendens5
1023 2762 1268 2809 prehensabat
1295 2762 1468 2807 singulos,
1499 2763 1583 2807 qui-
