1800 3172
255 177 348 214 vul
609 174 656 214 C.
697 173 747 212 A.
786 172 1064 213 FABROTUS
1105 172 1350 213 LECTOR1.

254 284 381 314 ctenus
421 273 579 312 ineditis
616 273 788 326 prolatis
805 291 818 311 .·
861 285 1015 326 semper
1056 273 1159 310 enim
1188 285 1306 311 carae
1344 273 1452 312 nobis
1474 274 1568 326 ficit
1592 285 1633 315 ut
1658 290 1680 316 e

249 358 354 397 penu
383 357 486 381 mere
516 352 646 380 nostra
677 340 992 396 depromeremus
1008 341 1114 395 quod
1138 343 1308 391 auctori,
1337 355 1447 396 quem
1470 345 1682 399 'illustran-

254 415 346 452 dam
377 414 619 466 suscepimm,
651 412 884 459 inserviret‚·
911 420 947 449 et
973 421 1116 450 certum
1145 420 1214 459 est,
1245 412 1280 448 si
1304 413 1466 464 quando
1485 406 1687 467 prodierit

255 485 411 522 lexicon
441 483 709 537 Byzantinwn
725 511 737 533 ,
773 484 816 520 in
842 495 917 535 quo
953 482 1148 520 vocabula
1173 481 1409 532 difficiliora
1435 496 1483 520 ac
1509 483 1684 522 Graeco-

256 553 436 601 barbara,
468 565 566 604 quae
596 553 638 590 in
665 552 838 590 omnibus
867 553 1046 589 historiae
1067 551 1313 602 Byzantinae
1343 552 1594 605 scriptoribus
1620 566 1685 591 oc-

254 631 431 670 currunt,
472 621 797 675 explicabantur,
836 635 949 674 posse
988 634 1056 658 nos
1081 623 1293 659 accessione
1328 635 1434 660 nova
1462 623 1684 673 congeriem

254 693 371 730 illam
403 692 665 744 locupletare.
719 705 771 729 ea
799 689 850 728 de
881 705 924 728 re
949 699 1084 729 tamen
1117 705 1235 744 penes
1266 704 1345 742 eos,
1372 705 1535 744 quorum
1562 705 1684 746 opera

253 763 409 800 lexicon
438 762 541 800 illud
567 763 608 800 in
638 763 762 800 lacem
801 762 944 810 exibit,
967 777 1045 816 per
1082 776 1143 800 me
1167 763 1373 800 arbitrium
1402 771 1494 801 esto.
1550 778 1686 802 verum

254 833 409 886 quidem
431 841 497 880 est,
531 846 584 871 ex
611 845 691 884 quo
720 833 906 870 historiae
936 833 1186 882 Byzantinae
1210 833 1375 871 editioni
1392 846 1574 886 praeesse
1600 847 1686 872 coe.

251 904 311 956 pi,
342 903 391 940 de
422 902 554 941 lexico
582 902 812 952 Byzantino
841 902 992 940 edendo
1021 904 1231 954 cogitasse,
1261 901 1339 940 sed
1365 904 1455 941 nolo
1482 904 1583 941 viris
1610 904 1686 942 do..

255 973 436 1010 ctissimis
456 972 697 1010 occasionem
723 973 824 1009 hanc
844 972 893 1010 de
921 986 963 1010 re
985 973 1155 1025 publica
1175 973 1375 1011 litteraria
1402 973 1497 1011 bene
1515 973 1691 1012 merendi

251 1043 497 1096 praeripere.
552 1043 781 1092 glossarium
810 1043 882 1080 ltoc
908 1051 1081 1080 nostrum
1112 1041 1148 1092 *J
1189 1057 1286 1081 mox
1316 1052 1497 1097 sequetur
1521 1044 1687 1082 alterum

256 1115 299 1150 in
333 1112 581 1150 Constantini
607 1111 803 1149 [Manassis
832 1113 1006 1150 Annales
1022 1141 1032 1161 ,
1061 1114 1102 1151 in
1146 1126 1221 1166 quo
1251 1113 1524 1152 conscribendo
1550 1111 1688 1151 eadem

255 1181 464 1233 diligentia
493 1195 578 1219 usus
605 1195 687 1219 snm
719 1196 796 1235 qua
833 1183 874 1220 in
903 1184 1062 1221 caeteris
1099 1182 1392 1236 componendis.
1429 1184 1588 1222 interim
1616 1184 1688 1222 hoc

259 1259 379 1300 utere,
411 1252 445 1289 si
474 1252 580 1290 tanti
609 1260 674 1300 est,
701 1260 740 1289 et
765 1253 873 1290 vale.

356 1368 385 1414 ¹³)
413 1368 578 1401 Glossarii
595 1368 797 1401 Fabrotiani
825 1380 903 1413 pars
923 1370 1033 1401 maior
1060 1374 1120 1405 aut
1133 1369 1267 1402 Ducam
1291 1374 1352 1402 aut
1366 1369 1557 1402 chronicon
1572 1369 1688 1402 Ducae

353 1413 580 1446 subiunctum
606 1414 783 1455 illustrat3
831 1426 921 1459 quae
954 1426 1047 1447 nunc
1084 1426 1161 1446 cum
1191 1415 1344 1448 Laonico
1382 1415 1439 1448 edi
1465 1426 1537 1448 nun
1558 1415 1687 1460 potuit.

355 1459 499 1492 Laouici
524 1460 659 1503 glossae
686 1461 723 1493 iu
747 1459 864 1494 iudice
889 1461 1058 1494 historico
1087 1461 1319 1506 reperientur.
1367 1462 1394 1494 1.
1421 1461 1458 1493 B.
