<?xml version="1.0" encoding="UTF-8"?>
<!DOCTYPE html PUBLIC "-//W3C//DTD XHTML 1.0 Transitional//EN"
    "http://www.w3.org/TR/xhtml1/DTD/xhtml1-transitional.dtd">
<html xmlns="http://www.w3.org/1999/xhtml" xml:lang="en" lang="en">
 <head>
  <title>
</title>
<meta http-equiv="Content-Type" content="text/html;charset=utf-8" />
  <meta name='ocr-system' content='tesseract 3.04.00' />
  <meta name='ocr-capabilities' content='ocr_page ocr_carea ocr_par ocr_line ocrx_word'/>
</head>
<body>
  <div class='ocr_page' id='page_1' title='image "./corpusscriptorum32niebuoft_0539.png"; bbox 0 0 1858 3210; ppageno 0'>
   <div class='ocr_carea' id='block_1_1' title="bbox 47 174 1614 221">
    <p class='ocr_par' dir='ltr' id='par_1_1' title="bbox 47 174 1614 250">
     <span class='ocr_line' id='line_1_1' title="bbox 47 174 1614 221; baseline 0.004 -9"><span class='ocrx_word' id='word_1_1' title='bbox 47 182 62 205; x_wconf 63' lang='grc' dir='ltr'><strong><em>τὶ</em></strong></span> <span class='ocrx_word' id='word_1_2' title='bbox 534 179 607 220; x_wconf 85' lang='lat' dir='ltr'><strong><em>DE</em></strong></span> <span class='ocrx_word' id='word_1_3' title='bbox 649 178 824 220; x_wconf 82' lang='lat' dir='ltr'>REBUS</span> <span class='ocrx_word' id='word_1_4' title='bbox 863 176 1118 221; x_wconf 86' lang='lat' dir='ltr'>TURClClS</span> <span class='ocrx_word' id='word_1_5' title='bbox 1143 179 1190 220; x_wconf 89' lang='lat' dir='ltr'><strong><em>L.</em></strong></span> <span class='ocrx_word' id='word_1_6' title='bbox 1218 180 1268 220; x_wconf 88' lang='lat' dir='ltr'><strong><em>X.</em></strong></span> <span class='ocrx_word' id='word_1_7' title='bbox 1518 174 1614 220; x_wconf 74' lang='lat'><strong><em>527</em></strong></span> 
     </span>
    </p>
   </div>
   <div class='ocr_carea' id='block_1_2' title="bbox 15 274 1765 1792">
    <p class='ocr_par' dir='ltr' id='par_1_2' title="bbox 15 274 1765 1792">
     <span class='ocr_line' id='line_1_2' title="bbox 151 274 1623 335; baseline -0.003 -13"><span class='ocrx_word' id='word_1_8' title='bbox 151 279 276 335; x_wconf 77' lang='grc' dir='ltr'><strong><em>ἴσμεν</em></strong></span> <span class='ocrx_word' id='word_1_9' title='bbox 302 277 376 320; x_wconf 81' lang='grc' dir='ltr'>καί</span> <span class='ocrx_word' id='word_1_10' title='bbox 401 275 627 331; x_wconf 76' lang='grc' dir='ltr'><strong><em>ἐξευρόντα</em></strong></span> <span class='ocrx_word' id='word_1_11' title='bbox 676 278 746 318; x_wconf 82' lang='grc' dir='ltr'><strong><em>οἱά</em></strong></span> <span class='ocrx_word' id='word_1_12' title='bbox 776 274 828 331; x_wconf 66' lang='grc' dir='ltr'><strong><em>δή</em></strong></span> <span class='ocrx_word' id='word_1_13' title='bbox 875 274 1119 330; x_wconf 73' lang='grc' dir='ltr'><strong><em>ἀποβαίνειν</em></strong></span> <span class='ocrx_word' id='word_1_14' title='bbox 1156 275 1329 330; x_wconf 65' lang='grc' dir='ltr'><strong><em>έζαελλεν</em></strong></span> <span class='ocrx_word' id='word_1_15' title='bbox 1376 277 1400 333; x_wconf 78' lang='grc' dir='ltr'><em>ἡ</em></span> <span class='ocrx_word' id='word_1_16' title='bbox 1446 276 1541 331; x_wconf 82' lang='grc' dir='ltr'><strong><em>δίκη</em></strong></span> <span class='ocrx_word' id='word_1_17' title='bbox 1579 279 1623 325; x_wconf 81' lang='grc' dir='ltr'><strong><em>ἐς</em></strong></span> 
     </span>
     <span class='ocr_line' id='line_1_3' title="bbox 43 333 1626 398; baseline -0.004 -7"><span class='ocrx_word' id='word_1_18' title='bbox 43 333 62 390; x_wconf 52' lang='lat'><strong><em>³³3</em></strong></span> <span class='ocrx_word' id='word_1_19' title='bbox 153 348 256 397; x_wconf 76' lang='grc' dir='ltr'><strong><em>τοὺς</em></strong></span> <span class='ocrx_word' id='word_1_20' title='bbox 286 345 601 398; x_wconf 76' lang='grc' dir='ltr'><strong><em>δικαζομένους.</em></strong></span> <span class='ocrx_word' id='word_1_21' title='bbox 657 342 730 385; x_wconf 87' lang='grc' dir='ltr'><strong><em>τόν</em></strong></span> <span class='ocrx_word' id='word_1_22' title='bbox 760 344 807 384; x_wconf 79' lang='grc' dir='ltr'><strong><em>δὲ</em></strong></span> <span class='ocrx_word' id='word_1_23' title='bbox 825 345 1000 395; x_wconf 84' lang='grc' dir='ltr'><strong><em>Λέσβου</em></strong></span> <span class='ocrx_word' id='word_1_24' title='bbox 1030 341 1210 397; x_wconf 79' lang='grc' dir='ltr'><strong><em>ἡγεμόνα</em></strong></span> <span class='ocrx_word' id='word_1_25' title='bbox 1237 342 1509 398; x_wconf 79' lang='grc' dir='ltr'><strong><em>ἐνεγκάμενος</em></strong></span> <span class='ocrx_word' id='word_1_26' title='bbox 1542 340 1626 384; x_wconf 72' lang='grc' dir='ltr'><strong><em>ἀπό</em></strong></span> 
     </span>
     <span class='ocr_line' id='line_1_4' title="bbox 46 408 1628 470; baseline -0.005 -15"><span class='ocrx_word' id='word_1_27' title='bbox 46 416 62 435; x_wconf 74' lang='lat'><strong><em>&#39;⁵</em></strong></span> <span class='ocrx_word' id='word_1_28' title='bbox 153 417 230 470; x_wconf 75' lang='grc' dir='ltr'><strong><em>τῆς</em></strong></span> <span class='ocrx_word' id='word_1_29' title='bbox 258 413 416 461; x_wconf 85' lang='grc' dir='ltr'><strong><em>πόλεως</em></strong></span> <span class='ocrx_word' id='word_1_30' title='bbox 444 408 671 463; x_wconf 80' lang='grc' dir='ltr'><strong><em>σύμπαντα</em></strong></span> <span class='ocrx_word' id='word_1_31' title='bbox 701 411 865 452; x_wconf 78' lang='grc' dir='ltr'><strong><em>ἐκέλευε</em></strong></span> <span class='ocrx_word' id='word_1_32' title='bbox 894 411 1145 461; x_wconf 77' lang='grc' dir='ltr'><strong><em>κομίζεσθαι</em></strong></span> <span class='ocrx_word' id='word_1_33' title='bbox 1175 411 1218 459; x_wconf 79' lang='grc' dir='ltr'><strong><em>ἐς</em></strong></span> <span class='ocrx_word' id='word_1_34' title='bbox 1238 408 1483 462; x_wconf 78' lang='grc' dir='ltr'><strong><em>Βυζάντιον.</em></strong></span> <span class='ocrx_word' id='word_1_35' title='bbox 1542 411 1628 460; x_wconf 75' lang='grc' dir='ltr'><strong><em>ἑξε-</em></strong></span> 
     </span>
     <span class='ocr_line' id='line_1_5' title="bbox 15 437 1631 533; baseline -0.005 -9"><span class='ocrx_word' id='word_1_36' title='bbox 15 437 63 516; x_wconf 64' lang='grc' dir='ltr'><strong>ξ</strong></span> <span class='ocrx_word' id='word_1_37' title='bbox 156 478 327 533; x_wconf 75' lang='grc' dir='ltr'><strong><em>λόμενος</em></strong></span> <span class='ocrx_word' id='word_1_38' title='bbox 355 478 402 519; x_wconf 82' lang='grc' dir='ltr'><strong><em>δέ</em></strong></span> <span class='ocrx_word' id='word_1_39' title='bbox 437 475 476 519; x_wconf 82' lang='grc' dir='ltr'><strong><em>οἱ</em></strong></span> <span class='ocrx_word' id='word_1_40' title='bbox 503 478 576 517; x_wconf 77' lang='grc' dir='ltr'><strong><em>καί</em></strong></span> <span class='ocrx_word' id='word_1_41' title='bbox 602 478 686 517; x_wconf 76' lang='grc' dir='ltr'><strong><em>τῶν</em></strong></span> <span class='ocrx_word' id='word_1_42' title='bbox 730 477 914 529; x_wconf 84' lang='grc' dir='ltr'><strong><em>α’ρίστων</em></strong></span> <span class='ocrx_word' id='word_1_43' title='bbox 952 477 1024 528; x_wconf 83' lang='grc' dir='ltr'><strong><em>τῆς</em></strong></span> <span class='ocrx_word' id='word_1_44' title='bbox 1070 477 1247 527; x_wconf 83' lang='grc' dir='ltr'><strong><em>Λέσβου</em></strong></span> <span class='ocrx_word' id='word_1_45' title='bbox 1288 475 1442 523; x_wconf 79' lang='grc' dir='ltr'><strong><em>παῖδάς</em></strong></span> <span class='ocrx_word' id='word_1_46' title='bbox 1472 490 1517 517; x_wconf 88' lang='grc' dir='ltr'><strong><em>τε</em></strong></span> <span class='ocrx_word' id='word_1_47' title='bbox 1557 476 1631 517; x_wconf 84' lang='grc' dir='ltr'><em>καί</em></span> 
     </span>
     <span class='ocr_line' id='line_1_6' title="bbox 122 538 1765 600; baseline -0.006 -12"><span class='ocrx_word' id='word_1_48' title='bbox 122 553 146 588; x_wconf 83' lang='grc'>5</span> <span class='ocrx_word' id='word_1_49' title='bbox 160 546 398 600; x_wconf 76' lang='grc' dir='ltr'><strong><em>θυγατέρας</em></strong></span> <span class='ocrx_word' id='word_1_50' title='bbox 426 542 544 598; x_wconf 80' lang='grc' dir='ltr'><strong><em>α’μφί</em></strong></span> <span class='ocrx_word' id='word_1_51' title='bbox 558 541 656 590; x_wconf 78' lang='grc' dir='ltr'><strong><em>τούς</em></strong></span> <span class='ocrx_word' id='word_1_52' title='bbox 673 541 960 593; x_wconf 76' lang='grc' dir='ltr'><strong><em>ὀκτακοσίους,</em></strong></span> <span class='ocrx_word' id='word_1_53' title='bbox 991 538 1114 589; x_wconf 74' lang='grc' dir='ltr'><strong><em>αὐτὸς</em></strong></span> <span class='ocrx_word' id='word_1_54' title='bbox 1138 540 1380 595; x_wconf 73' lang='grc' dir='ltr'><strong><em>ἀπήλαυνεν</em></strong></span> <span class='ocrx_word' id='word_1_55' title='bbox 1401 543 1465 582; x_wconf 81' lang='grc' dir='ltr'><strong><em>ἐπ’</em></strong></span> <span class='ocrx_word' id='word_1_56' title='bbox 1495 539 1626 592; x_wconf 87' lang='grc' dir='ltr'><strong><em>οἴκου,</em></strong></span> <span class='ocrx_word' id='word_1_57' title='bbox 1643 543 1765 578; x_wconf 84' lang='lat' dir='ltr'><strong>v.219</strong></span> 
     </span>
     <span class='ocr_line' id='line_1_7' title="bbox 156 601 1626 661; baseline -0.004 -8"><span class='ocrx_word' id='word_1_58' title='bbox 156 610 232 653; x_wconf 82' lang='grc' dir='ltr'><strong><em>καί</em></strong></span> <span class='ocrx_word' id='word_1_59' title='bbox 261 610 336 657; x_wconf 80' lang='grc' dir='ltr'><strong><em>τάς</em></strong></span> <span class='ocrx_word' id='word_1_60' title='bbox 360 623 406 650; x_wconf 84' lang='grc' dir='ltr'><strong><em>τε</em></strong></span> <span class='ocrx_word' id='word_1_61' title='bbox 431 606 616 661; x_wconf 80' lang='grc' dir='ltr'><strong><em>τριήρεις</em></strong></span> <span class='ocrx_word' id='word_1_62' title='bbox 634 607 780 661; x_wconf 75' lang='grc' dir='ltr'><strong><em>διῆκεν</em></strong></span> <span class='ocrx_word' id='word_1_63' title='bbox 799 601 983 660; x_wconf 79' lang='grc' dir='ltr'><strong><em>οἷπιέναι,</em></strong></span> <span class='ocrx_word' id='word_1_64' title='bbox 1013 604 1305 658; x_wconf 79' lang='grc' dir='ltr'><strong><em>ἐγκαταλιπών</em></strong></span> <span class='ocrx_word' id='word_1_65' title='bbox 1337 610 1462 648; x_wconf 86' lang='grc' dir='ltr'><strong><em>πλοῖα</em></strong></span> <span class='ocrx_word' id='word_1_66' title='bbox 1494 605 1626 660; x_wconf 82' lang='grc' dir='ltr'><strong><em>μικρά</em></strong></span> 
     </span>
     <span class='ocr_line' id='line_1_8' title="bbox 156 666 1630 729; baseline -0.006 -10"><span class='ocrx_word' id='word_1_67' title='bbox 156 676 293 720; x_wconf 67' lang='grc' dir='ltr'><strong><em>αὑτοῦ</em></strong></span> <span class='ocrx_word' id='word_1_68' title='bbox 320 689 402 717; x_wconf 87' lang='grc' dir='ltr'><strong><em>που</em></strong></span> <span class='ocrx_word' id='word_1_69' title='bbox 432 671 477 715; x_wconf 78' lang='grc' dir='ltr'><strong><em>ἐν</em></strong></span> <span class='ocrx_word' id='word_1_70' title='bbox 507 673 557 728; x_wconf 80' lang='grc' dir='ltr'><strong><em>τῇ</em></strong></span> <span class='ocrx_word' id='word_1_71' title='bbox 586 672 709 729; x_wconf 79' lang='grc' dir='ltr'><strong><em>νήσῳ.</em></strong></span> <span class='ocrx_word' id='word_1_72' title='bbox 767 669 844 726; x_wconf 75' lang='grc' dir='ltr'><strong><em>τήν</em></strong></span> <span class='ocrx_word' id='word_1_73' title='bbox 871 673 950 724; x_wconf 80' lang='grc' dir='ltr'><strong><em>μὲν</em></strong></span> <span class='ocrx_word' id='word_1_74' title='bbox 982 666 1058 711; x_wconf 75' lang='grc' dir='ltr'><strong><em>οὖν</em></strong></span> <span class='ocrx_word' id='word_1_75' title='bbox 1085 670 1278 726; x_wconf 74' lang='grc' dir='ltr'><strong><em>α’ὃελφὴν</em></strong></span> <span class='ocrx_word' id='word_1_76' title='bbox 1306 673 1383 712; x_wconf 80' lang='grc' dir='ltr'><strong><em>τοῦ</em></strong></span> <span class='ocrx_word' id='word_1_77' title='bbox 1415 670 1630 725; x_wconf 79' lang='grc' dir='ltr'><strong><em>ἡγεμόνος,</em></strong></span> 
     </span>
     <span class='ocr_line' id='line_1_9' title="bbox 156 733 1630 796; baseline -0.005 -10"><span class='ocrx_word' id='word_1_78' title='bbox 156 745 230 786; x_wconf 81' lang='grc' dir='ltr'><em>καί</em></span> <span class='ocrx_word' id='word_1_79' title='bbox 257 739 461 796; x_wconf 83' lang='grc' dir='ltr'><strong><em>πρότερον</em></strong></span> <span class='ocrx_word' id='word_1_80' title='bbox 492 738 681 780; x_wconf 79' lang='grc' dir='ltr'><strong><em>ἁλοῦσαν</em></strong></span> <span class='ocrx_word' id='word_1_81' title='bbox 706 735 789 778; x_wconf 69' lang='grc' dir='ltr'><strong><em>ὑπὸ</em></strong></span> <span class='ocrx_word' id='word_1_82' title='bbox 817 739 1025 791; x_wconf 83' lang='grc' dir='ltr'><strong><em>βασιλέως</em></strong></span> <span class='ocrx_word' id='word_1_83' title='bbox 1046 737 1090 779; x_wconf 78' lang='grc' dir='ltr'><strong><em>ἐν</em></strong></span> <span class='ocrx_word' id='word_1_84' title='bbox 1109 739 1319 790; x_wconf 75' lang='grc' dir='ltr'><strong><em>Κολχίδι,</em></strong></span> <span class='ocrx_word' id='word_1_85' title='bbox 1347 744 1527 791; x_wconf 81' lang='grc' dir='ltr'><strong><em>γυναῖκα</em></strong></span> <span class='ocrx_word' id='word_1_86' title='bbox 1555 733 1630 779; x_wconf 72' lang='grc' dir='ltr'><strong><em>οὗ-</em></strong></span> 
     </span>
     <span class='ocr_line' id='line_1_10' title="bbox 156 804 1632 863; baseline -0.005 -11"><span class='ocrx_word' id='word_1_87' title='bbox 156 825 238 853; x_wconf 87' lang='grc' dir='ltr'><strong><em>σαν</em></strong></span> <span class='ocrx_word' id='word_1_88' title='bbox 261 807 472 863; x_wconf 80' lang='grc' dir='ltr'><strong><em>βασιλέως</em></strong></span> <span class='ocrx_word' id='word_1_89' title='bbox 501 805 689 853; x_wconf 81' lang='grc' dir='ltr'><strong><em>Ἀλεξίου</em></strong></span> <span class='ocrx_word' id='word_1_90' title='bbox 722 804 801 844; x_wconf 80' lang='grc' dir='ltr'><strong><em>τοῦ</em></strong></span> <span class='ocrx_word' id='word_1_91' title='bbox 828 805 1059 858; x_wconf 83' lang='grc' dir='ltr'><strong><em>Κομνηνοῦ</em></strong></span> <span class='ocrx_word' id='word_1_92' title='bbox 1085 806 1158 859; x_wconf 76' lang='grc' dir='ltr'><strong><em>τῆς</em></strong></span> <span class='ocrx_word' id='word_1_93' title='bbox 1177 805 1509 857; x_wconf 81' lang='grc' dir='ltr'><strong><em>Τραπεζοῦντος,</em></strong></span> <span class='ocrx_word' id='word_1_94' title='bbox 1534 807 1632 858; x_wconf 84' lang='grc' dir='ltr'><strong><em>ἐση-</em></strong></span> 
     </span>
     <span class='ocr_line' id='line_1_11' title="bbox 53 867 1632 932; baseline -0.003 -15"><span class='ocrx_word' id='word_1_95' title='bbox 53 867 57 870; x_wconf 32' lang='grc'><em>’</em></span> <span class='ocrx_word' id='word_1_96' title='bbox 101 883 146 920; x_wconf 86' lang='grc'><strong><em>10</em></strong></span> <span class='ocrx_word' id='word_1_97' title='bbox 158 875 308 932; x_wconf 82' lang='grc' dir='ltr'><strong><em>γάγετο</em></strong></span> <span class='ocrx_word' id='word_1_98' title='bbox 335 875 467 928; x_wconf 83' lang='grc' dir='ltr'><strong><em>μέχρι</em></strong></span> <span class='ocrx_word' id='word_1_99' title='bbox 499 868 615 918; x_wconf 83' lang='grc' dir='ltr'><strong><em>τινός</em></strong></span> <span class='ocrx_word' id='word_1_100' title='bbox 642 871 686 920; x_wconf 82' lang='grc' dir='ltr'><strong><em>ἐς</em></strong></span> <span class='ocrx_word' id='word_1_101' title='bbox 702 869 776 924; x_wconf 76' lang='grc' dir='ltr'><strong><em>τὴν</em></strong></span> <span class='ocrx_word' id='word_1_102' title='bbox 795 875 1106 926; x_wconf 84' lang='grc' dir='ltr'><strong><em>γυναικωνῖτιν,</em></strong></span> <span class='ocrx_word' id='word_1_103' title='bbox 1138 873 1300 912; x_wconf 82' lang='grc' dir='ltr'><strong><em>πολλῶν</em></strong></span> <span class='ocrx_word' id='word_1_104' title='bbox 1331 870 1382 924; x_wconf 78' lang='grc' dir='ltr'><strong><em>δὴ</em></strong></span> <span class='ocrx_word' id='word_1_105' title='bbox 1406 874 1632 925; x_wconf 86' lang='grc' dir='ltr'><strong><em>καλλίστην</em></strong></span> 
     </span>
     <span class='ocr_line' id='line_1_12' title="bbox 157 932 1630 995; baseline -0.004 -11"><span class='ocrx_word' id='word_1_106' title='bbox 157 943 232 984; x_wconf 76' lang='grc' dir='ltr'><strong><em>καί</em></strong></span> <span class='ocrx_word' id='word_1_107' title='bbox 259 939 423 995; x_wconf 80' lang='grc' dir='ltr'><strong><em>ὡραίαν</em></strong></span> <span class='ocrx_word' id='word_1_108' title='bbox 451 939 674 992; x_wconf 81' lang='grc' dir='ltr'><strong><em>λεγομένην</em></strong></span> <span class='ocrx_word' id='word_1_109' title='bbox 703 932 824 991; x_wconf 84' lang='grc' dir='ltr'><strong><em>εἶναι,</em></strong></span> <span class='ocrx_word' id='word_1_110' title='bbox 858 936 1232 991; x_wconf 76' lang='grc' dir='ltr'><strong><em>προαποθανόντος</em></strong></span> <span class='ocrx_word' id='word_1_111' title='bbox 1252 939 1326 979; x_wconf 83' lang='grc' dir='ltr'><strong><em>τοῦ</em></strong></span> <span class='ocrx_word' id='word_1_112' title='bbox 1358 936 1514 991; x_wconf 77' lang='grc' dir='ltr'><strong><em>α’νὸρός</em></strong></span> <span class='ocrx_word' id='word_1_113' title='bbox 1546 937 1630 978; x_wconf 85' lang='grc' dir='ltr'><strong><em>αυ’-</em></strong></span> 
     </span>
     <span class='ocr_line' id='line_1_13' title="bbox 157 1000 1670 1062; baseline -0.003 -12"><span class='ocrx_word' id='word_1_114' title='bbox 157 1009 233 1062; x_wconf 78' lang='grc' dir='ltr'><strong><em>τῆς</em></strong></span> <span class='ocrx_word' id='word_1_115' title='bbox 261 1004 307 1049; x_wconf 76' lang='grc' dir='ltr'><strong><em>ἒν</em></strong></span> <span class='ocrx_word' id='word_1_116' title='bbox 341 1006 654 1060; x_wconf 81' lang='grc' dir='ltr'><strong><em>Τραπεζοῦντι,</em></strong></span> <span class='ocrx_word' id='word_1_117' title='bbox 693 1002 765 1044; x_wconf 82' lang='grc' dir='ltr'><strong><em>καί</em></strong></span> <span class='ocrx_word' id='word_1_118' title='bbox 804 1001 935 1056; x_wconf 73' lang='grc' dir='ltr'><strong><em>αὐτῆς</em></strong></span> <span class='ocrx_word' id='word_1_119' title='bbox 975 1004 1198 1057; x_wconf 82' lang='grc' dir='ltr'><strong><em>γενομένης</em></strong></span> <span class='ocrx_word' id='word_1_120' title='bbox 1238 1003 1313 1044; x_wconf 81' lang='grc' dir='ltr'>καί</span> <span class='ocrx_word' id='word_1_121' title='bbox 1339 1000 1464 1058; x_wconf 71' lang='grc' dir='ltr'><strong><em>οὔσης</em></strong></span> <span class='ocrx_word' id='word_1_122' title='bbox 1491 1000 1670 1058; x_wconf 74' lang='grc' dir='ltr'><strong><em>χὴραςῦ</em></strong></span> 
     </span>
     <span class='ocr_line' id='line_1_14' title="bbox 155 1064 1631 1128; baseline -0.003 -12"><span class='ocrx_word' id='word_1_123' title='bbox 155 1075 254 1128; x_wconf 79' lang='grc' dir='ltr'><strong><em>μεθ’</em></strong></span> <span class='ocrx_word' id='word_1_124' title='bbox 282 1070 375 1121; x_wconf 72' lang='grc' dir='ltr'><strong><em>ἑνός</em></strong></span> <span class='ocrx_word' id='word_1_125' title='bbox 404 1069 559 1119; x_wconf 82' lang='grc' dir='ltr'><strong><em>παιδός</em></strong></span> <span class='ocrx_word' id='word_1_126' title='bbox 591 1069 664 1111; x_wconf 79' lang='grc' dir='ltr'>καί</span> <span class='ocrx_word' id='word_1_127' title='bbox 691 1068 839 1123; x_wconf 88' lang='grc' dir='ltr'><strong><em>μόνου.</em></strong></span> <span class='ocrx_word' id='word_1_128' title='bbox 910 1067 982 1110; x_wconf 87' lang='grc' dir='ltr'><strong><em>τὸν</em></strong></span> <span class='ocrx_word' id='word_1_129' title='bbox 1014 1070 1062 1110; x_wconf 79' lang='grc' dir='ltr'><strong><em>δὲ</em></strong></span> <span class='ocrx_word' id='word_1_130' title='bbox 1090 1071 1224 1111; x_wconf 75' lang='grc' dir='ltr'><strong><em>παῖδα</em></strong></span> <span class='ocrx_word' id='word_1_131' title='bbox 1253 1070 1414 1122; x_wconf 76' lang='grc' dir='ltr'><strong><em>τοῦτον,</em></strong></span> <span class='ocrx_word' id='word_1_132' title='bbox 1446 1066 1513 1112; x_wconf 76' lang='grc' dir='ltr'><strong><em>ὅτε</em></strong></span> <span class='ocrx_word' id='word_1_133' title='bbox 1545 1064 1631 1112; x_wconf 82' lang='grc' dir='ltr'><strong><em>εἷλε</em></strong></span> 
     </span>
     <span class='ocr_line' id='line_1_15' title="bbox 156 1133 1632 1196; baseline -0.004 -12"><span class='ocrx_word' id='word_1_134' title='bbox 156 1139 234 1196; x_wconf 72' lang='grc' dir='ltr'><strong><em>τὴν</em></strong></span> <span class='ocrx_word' id='word_1_135' title='bbox 269 1139 594 1195; x_wconf 79' lang='grc' dir='ltr'><strong><em>Τραπεζοῦντα,</em></strong></span> <span class='ocrx_word' id='word_1_136' title='bbox 632 1135 972 1190; x_wconf 77' lang='grc' dir='ltr'><strong><em>εἰσενεγκάμενος</em></strong></span> <span class='ocrx_word' id='word_1_137' title='bbox 1008 1137 1082 1177; x_wconf 87' lang='grc' dir='ltr'><em>καί</em></span> <span class='ocrx_word' id='word_1_138' title='bbox 1115 1133 1251 1177; x_wconf 68' lang='grc' dir='ltr'><strong><em>αὐτόν</em></strong></span> <span class='ocrx_word' id='word_1_139' title='bbox 1284 1135 1306 1178; x_wconf 85' lang='grc' dir='ltr'><em>ὃ</em></span> <span class='ocrx_word' id='word_1_140' title='bbox 1343 1134 1548 1189; x_wconf 75' lang='grc' dir='ltr'><strong><em>βασιλεύς</em></strong></span> <span class='ocrx_word' id='word_1_141' title='bbox 1587 1137 1632 1178; x_wconf 83' lang='grc' dir='ltr'><strong><em>ὲν</em></strong></span> 
     </span>
     <span class='ocr_line' id='line_1_16' title="bbox 51 1198 1632 1261; baseline -0.005 -11"><span class='ocrx_word' id='word_1_142' title='bbox 51 1215 53 1218; x_wconf 55' lang='lat'><em>⁴</em></span> <span class='ocrx_word' id='word_1_143' title='bbox 103 1216 147 1252; x_wconf 85' lang='lat'><strong><em>15</em></strong></span> <span class='ocrx_word' id='word_1_144' title='bbox 161 1206 369 1261; x_wconf 80' lang='grc' dir='ltr'><strong><em>θεραπείᾳ</em></strong></span> <span class='ocrx_word' id='word_1_145' title='bbox 397 1218 443 1245; x_wconf 82' lang='grc' dir='ltr'><strong><em>τε</em></strong></span> <span class='ocrx_word' id='word_1_146' title='bbox 474 1198 563 1256; x_wconf 80' lang='grc' dir='ltr'><strong><em>εἶχε</em></strong></span> <span class='ocrx_word' id='word_1_147' title='bbox 591 1202 780 1256; x_wconf 78' lang='grc' dir='ltr'><strong><em>μάλιστα</em></strong></span> <span class='ocrx_word' id='word_1_148' title='bbox 825 1201 876 1255; x_wconf 78' lang='grc' dir='ltr'><strong><em>δη</em></strong></span> <span class='ocrx_word' id='word_1_149' title='bbox 919 1202 1083 1243; x_wconf 86' lang='grc' dir='ltr'><strong><em>παίδων</em></strong></span> <span class='ocrx_word' id='word_1_150' title='bbox 1111 1204 1194 1242; x_wconf 75' lang='grc' dir='ltr'><strong><em>τῶν</em></strong></span> <span class='ocrx_word' id='word_1_151' title='bbox 1227 1203 1272 1243; x_wconf 84' lang='grc' dir='ltr'><strong><em>ἐν</em></strong></span> <span class='ocrx_word' id='word_1_152' title='bbox 1300 1208 1392 1251; x_wconf 82' lang='grc' dir='ltr'><strong><em>ταῖς</em></strong></span> <span class='ocrx_word' id='word_1_153' title='bbox 1422 1203 1632 1255; x_wconf 85' lang='grc' dir='ltr'><strong><em>βασιλέως</em></strong></span> 
     </span>
     <span class='ocr_line' id='line_1_17' title="bbox 160 1265 1632 1325; baseline -0.005 -11"><span class='ocrx_word' id='word_1_154' title='bbox 160 1269 331 1325; x_wconf 79' lang='grc' dir='ltr'><strong><em>θύραις,</em></strong></span> <span class='ocrx_word' id='word_1_155' title='bbox 359 1268 464 1322; x_wconf 80' lang='grc' dir='ltr'><strong><em>μετά</em></strong></span> <span class='ocrx_word' id='word_1_156' title='bbox 483 1283 530 1322; x_wconf 86' lang='grc' dir='ltr'><strong><em>γε</em></strong></span> <span class='ocrx_word' id='word_1_157' title='bbox 552 1266 629 1318; x_wconf 81' lang='grc' dir='ltr'><strong><em>τόν</em></strong></span> <span class='ocrx_word' id='word_1_158' title='bbox 661 1267 744 1308; x_wconf 81' lang='grc' dir='ltr'><strong><em>α’πὸ</em></strong></span> <span class='ocrx_word' id='word_1_159' title='bbox 766 1268 1007 1317; x_wconf 84' lang='grc' dir='ltr'><strong><em>Βυζαντίου</em></strong></span> <span class='ocrx_word' id='word_1_160' title='bbox 1035 1268 1169 1308; x_wconf 77' lang='grc' dir='ltr'><strong><em>παῖδα</em></strong></span> <span class='ocrx_word' id='word_1_161' title='bbox 1200 1265 1472 1320; x_wconf 81' lang='grc' dir='ltr'><strong><em>Ἀμουράτεω</em></strong></span> <span class='ocrx_word' id='word_1_162' title='bbox 1503 1268 1632 1308; x_wconf 55' lang='lat' dir='ltr'>data..</span> 
     </span>
     <span class='ocr_line' id='line_1_18' title="bbox 161 1328 1633 1396; baseline -0.005 -15"><span class='ocrx_word' id='word_1_163' title='bbox 161 1339 254 1396; x_wconf 83' lang='grc' dir='ltr'><strong><em>φύν.</em></strong></span> <span class='ocrx_word' id='word_1_164' title='bbox 312 1336 386 1392; x_wconf 75' lang='grc' dir='ltr'><strong><em>τὴν</em></strong></span> <span class='ocrx_word' id='word_1_165' title='bbox 414 1337 493 1389; x_wconf 83' lang='grc' dir='ltr'><strong><em>μὲν</em></strong></span> <span class='ocrx_word' id='word_1_166' title='bbox 522 1330 598 1376; x_wconf 71' lang='grc' dir='ltr'><strong><em>οὖν</em></strong></span> <span class='ocrx_word' id='word_1_167' title='bbox 626 1335 844 1388; x_wconf 76' lang='grc' dir='ltr'><strong><em>θυγατέρα</em></strong></span> <span class='ocrx_word' id='word_1_168' title='bbox 888 1335 1097 1386; x_wconf 81' lang='grc' dir='ltr'><strong><em>βασιλέως</em></strong></span> <span class='ocrx_word' id='word_1_169' title='bbox 1130 1334 1456 1387; x_wconf 83' lang='grc' dir='ltr'><strong><em>Τραπεζοῦντος,</em></strong></span> <span class='ocrx_word' id='word_1_170' title='bbox 1473 1328 1633 1376; x_wconf 72' lang='grc' dir='ltr'><strong><em>’Ἅνναν</em></strong></span> 
     </span>
     <span class='ocr_line' id='line_1_19' title="bbox 159 1399 1634 1461; baseline -0.007 -13"><span class='ocrx_word' id='word_1_171' title='bbox 159 1405 385 1461; x_wconf 81' lang='grc' dir='ltr'><strong><em>λεγομένην</em></strong></span> <span class='ocrx_word' id='word_1_172' title='bbox 416 1402 490 1444; x_wconf 87' lang='grc' dir='ltr'>καί</span> <span class='ocrx_word' id='word_1_173' title='bbox 506 1399 783 1456; x_wconf 81' lang='grc' dir='ltr'><strong><em>Χριστιανήι·,</em></strong></span> <span class='ocrx_word' id='word_1_174' title='bbox 813 1403 1113 1455; x_wconf 82' lang='grc' dir='ltr'><strong><em>φυλαχθεῖσαν</em></strong></span> <span class='ocrx_word' id='word_1_175' title='bbox 1142 1399 1305 1457; x_wconf 77' lang='grc' dir='ltr'><strong><em>ὁρισμῷ</em></strong></span> <span class='ocrx_word' id='word_1_176' title='bbox 1333 1402 1409 1442; x_wconf 85' lang='grc' dir='ltr'><strong><em>τοῦ</em></strong></span> <span class='ocrx_word' id='word_1_177' title='bbox 1426 1402 1634 1455; x_wconf 80' lang='grc' dir='ltr'><strong><em>κρατοῦν-</em></strong></span> 
     </span>
     <span class='ocr_line' id='line_1_20' title="bbox 161 1464 1632 1526; baseline -0.005 -12"><span class='ocrx_word' id='word_1_178' title='bbox 161 1488 246 1524; x_wconf 85' lang='grc' dir='ltr'><strong><em>τος,</em></strong></span> <span class='ocrx_word' id='word_1_179' title='bbox 275 1468 490 1526; x_wconf 81' lang='grc' dir='ltr'><strong><em>ἡρμόσατο</em></strong></span> <span class='ocrx_word' id='word_1_180' title='bbox 521 1466 702 1524; x_wconf 75' lang='grc' dir='ltr'><strong><em>Ζαγάνῳ</em></strong></span> <span class='ocrx_word' id='word_1_181' title='bbox 735 1470 792 1523; x_wconf 76' lang='grc' dir='ltr'><strong><em>τῷ</em></strong></span> <span class='ocrx_word' id='word_1_182' title='bbox 813 1466 1087 1515; x_wconf 74' lang='grc' dir='ltr'><strong><em>ΖΙΊακεδονίας</em></strong></span> <span class='ocrx_word' id='word_1_183' title='bbox 1116 1469 1190 1520; x_wconf 80' lang='grc' dir='ltr'><strong><em>τῆς</em></strong></span> <span class='ocrx_word' id='word_1_184' title='bbox 1221 1465 1331 1508; x_wconf 79' lang='grc' dir='ltr'><strong><em>κάτω</em></strong></span> <span class='ocrx_word' id='word_1_185' title='bbox 1358 1464 1539 1525; x_wconf 74' lang='grc' dir='ltr'><strong><em>ὑπάρχῳ</em></strong></span> <span class='ocrx_word' id='word_1_186' title='bbox 1563 1481 1632 1521; x_wconf 90' lang='grc' dir='ltr'><strong><em>γε-</em></strong></span> 
     </span>
     <span class='ocr_line' id='line_1_21' title="bbox 103 1531 1632 1596; baseline -0.005 -17"><span class='ocrx_word' id='word_1_187' title='bbox 103 1542 349 1596; x_wconf 68' lang='grc' dir='ltr'><strong><em>ςὶονομένῳ,</em></strong></span> <span class='ocrx_word' id='word_1_188' title='bbox 386 1539 430 1586; x_wconf 80' lang='grc' dir='ltr'><strong><em>ἐξ</em></strong></span> <span class='ocrx_word' id='word_1_189' title='bbox 469 1533 568 1578; x_wconf 78' lang='grc' dir='ltr'><strong><em>ὅτου</em></strong></span> <span class='ocrx_word' id='word_1_190' title='bbox 610 1532 685 1588; x_wconf 72' lang='grc' dir='ltr'><strong><em>τὴν</em></strong></span> <span class='ocrx_word' id='word_1_191' title='bbox 716 1531 1044 1587; x_wconf 86' lang='grc' dir='ltr'><strong><em>Πελοπόννησον</em></strong></span> <span class='ocrx_word' id='word_1_192' title='bbox 1086 1531 1219 1575; x_wconf 73' lang='grc' dir='ltr'><strong><em>αὐτόν</em></strong></span> <span class='ocrx_word' id='word_1_193' title='bbox 1248 1532 1511 1589; x_wconf 73' lang='grc' dir='ltr'><strong><em>ἀφελόμενος</em></strong></span> <span class='ocrx_word' id='word_1_194' title='bbox 1538 1534 1632 1576; x_wconf 71' lang='grc' dir='ltr'><strong><em>ἕπε’.</em></strong></span> 
     </span>
     <span class='ocr_line' id='line_1_22' title="bbox 163 1597 1637 1660; baseline -0.005 -13"><span class='ocrx_word' id='word_1_195' title='bbox 163 1620 315 1660; x_wconf 81' lang='grc' dir='ltr'><strong><em>τρεπεν</em></strong></span> <span class='ocrx_word' id='word_1_196' title='bbox 357 1602 571 1656; x_wconf 77' lang='grc' dir='ltr'><strong><em>Ἀλβοίνεω</em></strong></span> <span class='ocrx_word' id='word_1_197' title='bbox 613 1602 758 1654; x_wconf 83' lang='grc' dir='ltr'><strong><em>παιδί,</em></strong></span> <span class='ocrx_word' id='word_1_198' title='bbox 799 1601 856 1657; x_wconf 77' lang='grc' dir='ltr'><strong><em>τῷ</em></strong></span> <span class='ocrx_word' id='word_1_199' title='bbox 882 1599 1002 1642; x_wconf 75' lang='grc' dir='ltr'><strong><em>’[υαῑν</em></strong></span> <span class='ocrx_word' id='word_1_200' title='bbox 1031 1601 1264 1657; x_wconf 81' lang='grc' dir='ltr'><strong><em>λεγομένῳ,</em></strong></span> <span class='ocrx_word' id='word_1_201' title='bbox 1293 1602 1335 1641; x_wconf 91' lang='grc' dir='ltr'><strong><em>εἰ</em></strong></span> <span class='ocrx_word' id='word_1_202' title='bbox 1358 1598 1431 1641; x_wconf 82' lang='grc' dir='ltr'><strong><em>καί</em></strong></span> <span class='ocrx_word' id='word_1_203' title='bbox 1458 1597 1637 1654; x_wconf 69' lang='grc' dir='ltr'><strong><em>ὕστερον</em></strong></span> 
     </span>
     <span class='ocr_line' id='line_1_23' title="bbox 165 1660 1681 1725; baseline -0.002 -12"><span class='ocrx_word' id='word_1_204' title='bbox 165 1669 402 1725; x_wconf 81' lang='grc' dir='ltr'><strong><em>ἐχωρίσατο</em></strong></span> <span class='ocrx_word' id='word_1_205' title='bbox 430 1668 585 1722; x_wconf 83' lang='grc' dir='ltr'><strong><em>ταύτην</em></strong></span> <span class='ocrx_word' id='word_1_206' title='bbox 623 1667 644 1708; x_wconf 82' lang='grc' dir='ltr'><em>ὃ</em></span> <span class='ocrx_word' id='word_1_207' title='bbox 678 1667 846 1719; x_wconf 76' lang='grc' dir='ltr'><strong><em>κρατῶν</em></strong></span> <span class='ocrx_word' id='word_1_208' title='bbox 885 1666 957 1706; x_wconf 75' lang='grc' dir='ltr'><strong><em>ἀπ’</em></strong></span> <span class='ocrx_word' id='word_1_209' title='bbox 987 1660 1146 1719; x_wconf 69' lang='grc' dir='ltr'><strong><em>αὐτοῦ,</em></strong></span> <span class='ocrx_word' id='word_1_210' title='bbox 1175 1664 1451 1720; x_wconf 74' lang='grc' dir='ltr'><strong><em>ἀναγκάζοντι</em></strong></span> <span class='ocrx_word' id='word_1_211' title='bbox 1478 1665 1681 1720; x_wconf 75' lang='grc' dir='ltr'><strong><em>ταύτηνῑ)</em></strong></span> 
     </span>
     <span class='ocr_line' id='line_1_24' title="bbox 167 1731 981 1792; baseline -0.011 -13"><span class='ocrx_word' id='word_1_212' title='bbox 167 1738 369 1792; x_wconf 83' lang='grc' dir='ltr'><strong><em>γενέσθαι</em></strong></span> <span class='ocrx_word' id='word_1_213' title='bbox 398 1735 441 1785; x_wconf 80' lang='grc' dir='ltr'><strong><em>ἐς</em></strong></span> <span class='ocrx_word' id='word_1_214' title='bbox 469 1732 546 1788; x_wconf 78' lang='grc' dir='ltr'><strong><em>τήν</em></strong></span> <span class='ocrx_word' id='word_1_215' title='bbox 572 1731 804 1788; x_wconf 88' lang='grc' dir='ltr'><strong><em>θρησκείαν</em></strong></span> <span class='ocrx_word' id='word_1_216' title='bbox 833 1731 981 1772; x_wconf 71' lang='grc' dir='ltr'><strong><em>αὐτοῦ.</em></strong></span> 
     </span>
    </p>
   </div>
   <div class='ocr_carea' id='block_1_3' title="bbox 46 518 62 596">
    <p class='ocr_par' dir='ltr' id='par_1_3' title="bbox 46 518 62 596">
     <span class='ocr_line' id='line_1_25' title="bbox 46 518 62 539; baseline 0.063 -1"><span class='ocrx_word' id='word_1_217' title='bbox 46 518 62 539; x_wconf 50' lang='lat' dir='ltr'><strong><em>‘s&#39;</em></strong></span> 
     </span>
     <span class='ocr_line' id='line_1_26' title="bbox 58 589 62 596; baseline 0 0"><span class='ocrx_word' id='word_1_218' title='bbox 58 589 62 596; x_wconf 47' lang='grc' dir='ltr'><strong><em>ι</em></strong></span> 
     </span>
    </p>
   </div>
   <div class='ocr_carea' id='block_1_4' title="bbox 263 1856 440 1893">
    <p class='ocr_par' dir='ltr' id='par_1_4' title="bbox 263 1856 440 1893">
     <span class='ocr_line' id='line_1_27' title="bbox 263 1856 440 1893; baseline -0.011 -1"><span class='ocrx_word' id='word_1_219' title='bbox 263 1856 321 1893; x_wconf 82' lang='lat'><strong><em>22.</em></strong></span> <span class='ocrx_word' id='word_1_220' title='bbox 343 1858 401 1893; x_wconf 71' lang='grc' dir='ltr'><strong><em>ἐπ’</em></strong></span> <span class='ocrx_word' id='word_1_221' title='bbox 415 1856 440 1890; x_wconf 87' lang='grc' dir='ltr'>Ρ</span> 
     </span>
    </p>
   </div>
   <div class='ocr_carea' id='block_1_5' title="bbox 169 1949 1642 2806">
    <p class='ocr_par' dir='ltr' id='par_1_5' title="bbox 169 1949 1642 2806">
     <span class='ocr_line' id='line_1_28' title="bbox 169 1949 1637 1997; baseline -0.004 -7"><span class='ocrx_word' id='word_1_222' title='bbox 169 1956 309 1990; x_wconf 83' lang='lat' dir='ltr'>iudices</span> <span class='ocrx_word' id='word_1_223' title='bbox 339 1954 462 1987; x_wconf 81' lang='lat' dir='ltr'>ferret.</span> <span class='ocrx_word' id='word_1_224' title='bbox 513 1954 567 1985; x_wconf 89' lang='lat' dir='ltr'>ius</span> <span class='ocrx_word' id='word_1_225' title='bbox 594 1951 689 1984; x_wconf 91' lang='lat' dir='ltr'>enim</span> <span class='ocrx_word' id='word_1_226' title='bbox 703 1950 900 1984; x_wconf 82' lang='lat' dir='ltr'>iustissime</span> <span class='ocrx_word' id='word_1_227' title='bbox 925 1949 1035 1992; x_wconf 80' lang='lat' dir='ltr'>dixit3</span> <span class='ocrx_word' id='word_1_228' title='bbox 1063 1954 1100 1982; x_wconf 85' lang='lat' dir='ltr'><strong><em>et</em></strong></span> <span class='ocrx_word' id='word_1_229' title='bbox 1126 1949 1241 1985; x_wconf 72' lang='lat' dir='ltr'>facilis</span> <span class='ocrx_word' id='word_1_230' title='bbox 1263 1951 1495 1997; x_wconf 86' lang='lat' dir='ltr'>clemensque</span> <span class='ocrx_word' id='word_1_231' title='bbox 1520 1950 1637 1984; x_wconf 84' lang='lat' dir='ltr'>omni·</span> 
     </span>
     <span class='ocr_line' id='line_1_29' title="bbox 169 1997 1638 2043; baseline -0.005 -6"><span class='ocrx_word' id='word_1_232' title='bbox 169 2015 218 2037; x_wconf 88' lang='lat' dir='ltr'><strong><em>no</em></strong></span> <span class='ocrx_word' id='word_1_233' title='bbox 239 2004 310 2037; x_wconf 84' lang='lat' dir='ltr'>suit</span> <span class='ocrx_word' id='word_1_234' title='bbox 333 2002 369 2035; x_wconf 88' lang='lat' dir='ltr'><strong><em>in</em></strong></span> <span class='ocrx_word' id='word_1_235' title='bbox 394 1999 616 2035; x_wconf 84' lang='lat' dir='ltr'>inveniendo</span> <span class='ocrx_word' id='word_1_236' title='bbox 645 2009 779 2043; x_wconf 81' lang='lat' dir='ltr'>poenas</span> <span class='ocrx_word' id='word_1_237' title='bbox 807 1997 938 2043; x_wconf 82' lang='lat' dir='ltr'>quibus</span> <span class='ocrx_word' id='word_1_238' title='bbox 954 1997 1113 2030; x_wconf 80' lang='lat' dir='ltr'>damnati</span> <span class='ocrx_word' id='word_1_239' title='bbox 1141 1998 1331 2031; x_wconf 61' lang='lat' dir='ltr'>subdendi*</span> <span class='ocrx_word' id='word_1_240' title='bbox 1349 2004 1480 2032; x_wconf 85' lang='lat' dir='ltr'>essent.</span> <span class='ocrx_word' id='word_1_241' title='bbox 1531 1998 1638 2031; x_wconf 80' lang='lat' dir='ltr'><strong>Lesbi</strong></span> 
     </span>
     <span class='ocr_line' id='line_1_30' title="bbox 171 2046 1638 2092; baseline -0.004 -8"><span class='ocrx_word' id='word_1_242' title='bbox 171 2052 299 2084; x_wconf 86' lang='lat' dir='ltr'>ducem</span> <span class='ocrx_word' id='word_1_243' title='bbox 327 2060 405 2082; x_wconf 82' lang='lat' dir='ltr'><strong><em>eam</em></strong></span> <span class='ocrx_word' id='word_1_244' title='bbox 429 2048 556 2081; x_wconf 75' lang='lat' dir='ltr'>urbem</span> <span class='ocrx_word' id='word_1_245' title='bbox 584 2047 789 2092; x_wconf 86' lang='lat' dir='ltr'>relinquere</span> <span class='ocrx_word' id='word_1_246' title='bbox 821 2051 858 2077; x_wconf 82' lang='lat' dir='ltr'><strong><em>et</em></strong></span> <span class='ocrx_word' id='word_1_247' title='bbox 893 2046 1015 2078; x_wconf 81' lang='lat' dir='ltr'>omnia</span> <span class='ocrx_word' id='word_1_248' title='bbox 1040 2055 1103 2077; x_wconf 87' lang='lat' dir='ltr'><strong><em>sua</em></strong></span> <span class='ocrx_word' id='word_1_249' title='bbox 1130 2046 1331 2088; x_wconf 73' lang='lat' dir='ltr'><strong>Byzantium</strong></span> <span class='ocrx_word' id='word_1_250' title='bbox 1360 2046 1553 2079; x_wconf 84' lang='lat' dir='ltr'>transferre</span> <span class='ocrx_word' id='word_1_251' title='bbox 1578 2046 1638 2078; x_wconf 86' lang='lat' dir='ltr'>iu-</span> 
     </span>
     <span class='ocr_line' id='line_1_31' title="bbox 170 2092 1638 2143; baseline -0.004 -11"><span class='ocrx_word' id='word_1_252' title='bbox 170 2099 246 2132; x_wconf 86' lang='lat' dir='ltr'>bet.</span> <span class='ocrx_word' id='word_1_253' title='bbox 296 2098 375 2143; x_wconf 87' lang='lat' dir='ltr'>ipse</span> <span class='ocrx_word' id='word_1_254' title='bbox 402 2106 488 2129; x_wconf 84' lang='lat' dir='ltr'>vero</span> <span class='ocrx_word' id='word_1_255' title='bbox 530 2105 690 2128; x_wconf 85' lang='lat' dir='ltr'>reversus</span> <span class='ocrx_word' id='word_1_256' title='bbox 725 2098 779 2126; x_wconf 78' lang='lat' dir='ltr'><strong><em>est</em></strong></span> <span class='ocrx_word' id='word_1_257' title='bbox 805 2092 969 2132; x_wconf 85' lang='lat' dir='ltr'>domum,</span> <span class='ocrx_word' id='word_1_258' title='bbox 1007 2092 1142 2135; x_wconf 86' lang='lat' dir='ltr'>eligens</span> <span class='ocrx_word' id='word_1_259' title='bbox 1182 2092 1251 2125; x_wconf 84' lang='lat' dir='ltr'>sibi</span> <span class='ocrx_word' id='word_1_260' title='bbox 1289 2094 1502 2138; x_wconf 87' lang='lat' dir='ltr'>optimatum</span> <span class='ocrx_word' id='word_1_261' title='bbox 1531 2092 1638 2126; x_wconf 85' lang='lat' dir='ltr'>Lesbi</span> 
     </span>
     <span class='ocr_line' id='line_1_32' title="bbox 170 2139 1638 2192; baseline -0.005 -13"><span class='ocrx_word' id='word_1_262' title='bbox 170 2156 314 2192; x_wconf 83' lang='lat' dir='ltr'>pueros,</span> <span class='ocrx_word' id='word_1_263' title='bbox 338 2144 433 2176; x_wconf 82' lang='lat' dir='ltr'>filios</span> <span class='ocrx_word' id='word_1_264' title='bbox 460 2149 497 2176; x_wconf 88' lang='lat' dir='ltr'><strong><em>et</em></strong></span> <span class='ocrx_word' id='word_1_265' title='bbox 521 2142 613 2175; x_wconf 81' lang='lat' dir='ltr'>filias</span> <span class='ocrx_word' id='word_1_266' title='bbox 640 2141 782 2174; x_wconf 81' lang='lat' dir='ltr'>circiter</span> <span class='ocrx_word' id='word_1_267' title='bbox 811 2139 1047 2183; x_wconf 80' lang='lat' dir='ltr'>octingentas.</span> <span class='ocrx_word' id='word_1_268' title='bbox 1111 2140 1272 2173; x_wconf 79' lang='lat' dir='ltr'>triremes</span> <span class='ocrx_word' id='word_1_269' title='bbox 1299 2152 1445 2186; x_wconf 87' lang='lat' dir='ltr'>quoque</span> <span class='ocrx_word' id='word_1_270' title='bbox 1472 2140 1638 2180; x_wconf 79' lang='lat' dir='ltr'>abduxit,</span> 
     </span>
     <span class='ocr_line' id='line_1_33' title="bbox 173 2187 1639 2233; baseline -0.004 -7"><span class='ocrx_word' id='word_1_271' title='bbox 173 2193 308 2226; x_wconf 78' lang='lat' dir='ltr'>relictis</span> <span class='ocrx_word' id='word_1_272' title='bbox 332 2196 452 2225; x_wconf 83' lang='lat' dir='ltr'>tamen</span> <span class='ocrx_word' id='word_1_273' title='bbox 486 2189 640 2233; x_wconf 80' lang='lat' dir='ltr'>navigiis</span> <span class='ocrx_word' id='word_1_274' title='bbox 680 2187 880 2221; x_wconf 87' lang='lat' dir='ltr'>minoribus</span> <span class='ocrx_word' id='word_1_275' title='bbox 915 2187 953 2219; x_wconf 89' lang='lat' dir='ltr'><strong><em>in</em></strong></span> <span class='ocrx_word' id='word_1_276' title='bbox 990 2187 1118 2220; x_wconf 82' lang='lat' dir='ltr'>insula.</span> <span class='ocrx_word' id='word_1_277' title='bbox 1185 2198 1342 2220; x_wconf 81' lang='lat' dir='ltr'>sororem</span> <span class='ocrx_word' id='word_1_278' title='bbox 1382 2188 1503 2228; x_wconf 78' lang='lat' dir='ltr'>ducis,</span> <span class='ocrx_word' id='word_1_279' title='bbox 1533 2199 1639 2232; x_wconf 88' lang='lat' dir='ltr'>quam</span> 
     </span>
     <span class='ocr_line' id='line_1_34' title="bbox 172 2233 1639 2281; baseline -0.005 -7"><span class='ocrx_word' id='word_1_280' title='bbox 172 2241 281 2274; x_wconf 79' lang='lat' dir='ltr'>etiam</span> <span class='ocrx_word' id='word_1_281' title='bbox 306 2244 414 2274; x_wconf 65' lang='lat' dir='ltr'>antea</span> <span class='ocrx_word' id='word_1_282' title='bbox 439 2247 500 2271; x_wconf 81' lang='lat' dir='ltr'><strong><em>rex</em></strong></span> <span class='ocrx_word' id='word_1_283' title='bbox 528 2240 674 2281; x_wconf 81' lang='lat' dir='ltr'>ceperat</span> <span class='ocrx_word' id='word_1_284' title='bbox 698 2236 736 2268; x_wconf 92' lang='lat' dir='ltr'><strong><em>in</em></strong></span> <span class='ocrx_word' id='word_1_285' title='bbox 751 2233 936 2268; x_wconf 86' lang='lat' dir='ltr'><strong>Colchidis</strong></span> <span class='ocrx_word' id='word_1_286' title='bbox 963 2235 1121 2278; x_wconf 84' lang='lat' dir='ltr'>regione,</span> <span class='ocrx_word' id='word_1_287' title='bbox 1147 2245 1295 2268; x_wconf 86' lang='lat' dir='ltr'>uxorem</span> <span class='ocrx_word' id='word_1_288' title='bbox 1319 2234 1514 2269; x_wconf 82' lang='lat' dir='ltr'>Alexandri</span> <span class='ocrx_word' id='word_1_289' title='bbox 1530 2235 1639 2268; x_wconf 91' lang='lat' dir='ltr'>Com-</span> 
     </span>
     <span class='ocr_line' id='line_1_35' title="bbox 172 2281 1641 2332; baseline -0.005 -11"><span class='ocrx_word' id='word_1_290' title='bbox 172 2288 272 2327; x_wconf 83' lang='lat' dir='ltr'>neni,</span> <span class='ocrx_word' id='word_1_291' title='bbox 298 2287 361 2332; x_wconf 84' lang='lat' dir='ltr'>qui</span> <span class='ocrx_word' id='word_1_292' title='bbox 387 2297 448 2319; x_wconf 81' lang='lat' dir='ltr'><strong><em>rex</em></strong></span> <span class='ocrx_word' id='word_1_293' title='bbox 472 2290 550 2317; x_wconf 84' lang='lat' dir='ltr'>erat</span> <span class='ocrx_word' id='word_1_294' title='bbox 573 2283 835 2328; x_wconf 81' lang='lat' dir='ltr'>Trapezuntis‚</span> <span class='ocrx_word' id='word_1_295' title='bbox 863 2281 1007 2314; x_wconf 75' lang='lat' dir='ltr'>induxit</span> <span class='ocrx_word' id='word_1_296' title='bbox 1032 2281 1069 2313; x_wconf 91' lang='lat' dir='ltr'><strong><em>in</em></strong></span> <span class='ocrx_word' id='word_1_297' title='bbox 1098 2292 1327 2325; x_wconf 82' lang='lat' dir='ltr'>gynaeceum,</span> <span class='ocrx_word' id='word_1_298' title='bbox 1354 2281 1533 2327; x_wconf 84' lang='lat' dir='ltr'>siquidem</span> <span class='ocrx_word' id='word_1_299' title='bbox 1563 2281 1641 2314; x_wconf 88' lang='lat' dir='ltr'>for-</span> 
     </span>
     <span class='ocr_line' id='line_1_36' title="bbox 172 2329 1640 2375; baseline -0.005 -7"><span class='ocrx_word' id='word_1_300' title='bbox 172 2344 243 2368; x_wconf 54' lang='lat' dir='ltr'><strong><em>ma*</em></strong></span> <span class='ocrx_word' id='word_1_301' title='bbox 267 2332 485 2368; x_wconf 78' lang='lat' dir='ltr'>antecedere</span> <span class='ocrx_word' id='word_1_302' title='bbox 521 2331 735 2364; x_wconf 82' lang='lat' dir='ltr'>credebatur</span> <span class='ocrx_word' id='word_1_303' title='bbox 765 2340 808 2362; x_wconf 88' lang='lat' dir='ltr'><strong><em>eo</em></strong></span> <span class='ocrx_word' id='word_1_304' title='bbox 842 2334 1004 2374; x_wconf 84' lang='lat' dir='ltr'>tempore</span> <span class='ocrx_word' id='word_1_305' title='bbox 1040 2339 1181 2370; x_wconf 82' lang='lat' dir='ltr'>omnes,</span> <span class='ocrx_word' id='word_1_306' title='bbox 1212 2335 1395 2375; x_wconf 83' lang='lat' dir='ltr'>quotquot</span> <span class='ocrx_word' id='word_1_307' title='bbox 1430 2329 1476 2362; x_wconf 91' lang='lat' dir='ltr'><strong><em>ob</em></strong></span> <span class='ocrx_word' id='word_1_308' title='bbox 1505 2329 1640 2361; x_wconf 81' lang='lat' dir='ltr'>formae</span> 
     </span>
     <span class='ocr_line' id='line_1_37' title="bbox 174 2376 1639 2425; baseline -0.003 -10"><span class='ocrx_word' id='word_1_309' title='bbox 174 2382 391 2425; x_wconf 75' lang='lat' dir='ltr'>elegantiam</span> <span class='ocrx_word' id='word_1_310' title='bbox 431 2378 788 2412; x_wconf 78' lang='lat' dir='ltr'>commendabantur.</span> <span class='ocrx_word' id='word_1_311' title='bbox 837 2377 987 2409; x_wconf 82' lang='lat' dir='ltr'>maritus</span> <span class='ocrx_word' id='word_1_312' title='bbox 1019 2376 1096 2408; x_wconf 83' lang='lat' dir='ltr'>eius</span> <span class='ocrx_word' id='word_1_313' title='bbox 1123 2382 1370 2420; x_wconf 83' lang='lat' dir='ltr'>praemortuus</span> <span class='ocrx_word' id='word_1_314' title='bbox 1398 2382 1474 2409; x_wconf 84' lang='lat' dir='ltr'>erat</span> <span class='ocrx_word' id='word_1_315' title='bbox 1500 2376 1639 2420; x_wconf 78' lang='lat' dir='ltr'>Trape-</span> 
     </span>
     <span class='ocr_line' id='line_1_38' title="bbox 174 2423 1639 2472; baseline -0.005 -10"><span class='ocrx_word' id='word_1_316' title='bbox 174 2435 310 2470; x_wconf 82' lang='lat' dir='ltr'>zunte,</span> <span class='ocrx_word' id='word_1_317' title='bbox 346 2429 500 2472; x_wconf 68' lang='lat' dir='ltr'>ipsaque</span> <span class='ocrx_word' id='word_1_318' title='bbox 532 2426 639 2459; x_wconf 82' lang='lat' dir='ltr'>vidua</span> <span class='ocrx_word' id='word_1_319' title='bbox 666 2430 761 2464; x_wconf 86' lang='lat' dir='ltr'>erat,</span> <span class='ocrx_word' id='word_1_320' title='bbox 787 2424 911 2457; x_wconf 83' lang='lat' dir='ltr'>relicto</span> <span class='ocrx_word' id='word_1_321' title='bbox 948 2423 1063 2455; x_wconf 86' lang='lat' dir='ltr'>filiolo</span> <span class='ocrx_word' id='word_1_322' title='bbox 1106 2425 1224 2457; x_wconf 89' lang='lat' dir='ltr'>unico.</span> <span class='ocrx_word' id='word_1_323' title='bbox 1286 2435 1345 2457; x_wconf 85' lang='lat' dir='ltr'><strong><em>rex</em></strong></span> <span class='ocrx_word' id='word_1_324' title='bbox 1370 2429 1472 2468; x_wconf 86' lang='lat' dir='ltr'>capta</span> <span class='ocrx_word' id='word_1_325' title='bbox 1501 2424 1639 2467; x_wconf 87' lang='lat' dir='ltr'>Trape-</span> 
     </span>
     <span class='ocr_line' id='line_1_39' title="bbox 173 2470 1639 2521; baseline -0.005 -11"><span class='ocrx_word' id='word_1_326' title='bbox 173 2481 282 2510; x_wconf 80' lang='lat' dir='ltr'>zunte</span> <span class='ocrx_word' id='word_1_327' title='bbox 305 2486 455 2521; x_wconf 81' lang='lat' dir='ltr'>puerum</span> <span class='ocrx_word' id='word_1_328' title='bbox 482 2473 576 2506; x_wconf 84' lang='lat' dir='ltr'>hunc</span> <span class='ocrx_word' id='word_1_329' title='bbox 604 2471 770 2513; x_wconf 76' lang='lat' dir='ltr'>abduxit,</span> <span class='ocrx_word' id='word_1_330' title='bbox 797 2477 833 2505; x_wconf 81' lang='lat' dir='ltr'><strong><em>et</em></strong></span> <span class='ocrx_word' id='word_1_331' title='bbox 860 2482 944 2516; x_wconf 88' lang='lat' dir='ltr'>prae</span> <span class='ocrx_word' id='word_1_332' title='bbox 969 2471 1118 2503; x_wconf 82' lang='lat' dir='ltr'>caeteris</span> <span class='ocrx_word' id='word_1_333' title='bbox 1146 2477 1226 2515; x_wconf 84' lang='lat' dir='ltr'>post</span> <span class='ocrx_word' id='word_1_334' title='bbox 1254 2483 1402 2514; x_wconf 84' lang='lat' dir='ltr'>puerum</span> <span class='ocrx_word' id='word_1_335' title='bbox 1420 2470 1639 2513; x_wconf 80' lang='lat' dir='ltr'>Byzantium,</span> 
     </span>
     <span class='ocr_line' id='line_1_40' title="bbox 174 2517 1641 2562; baseline -0.007 -5"><span class='ocrx_word' id='word_1_336' title='bbox 174 2523 354 2557; x_wconf 78' lang='lat' dir='ltr'>Amuratis</span> <span class='ocrx_word' id='word_1_337' title='bbox 395 2521 561 2561; x_wconf 81' lang='lat' dir='ltr'>fratrem,</span> <span class='ocrx_word' id='word_1_338' title='bbox 600 2521 638 2553; x_wconf 91' lang='lat' dir='ltr'><strong><em>in</em></strong></span> <span class='ocrx_word' id='word_1_339' title='bbox 675 2521 791 2552; x_wconf 87' lang='lat' dir='ltr'>ianuis</span> <span class='ocrx_word' id='word_1_340' title='bbox 822 2518 1078 2562; x_wconf 82' lang='lat' dir='ltr'>benignissime</span> <span class='ocrx_word' id='word_1_341' title='bbox 1114 2519 1290 2551; x_wconf 86' lang='lat' dir='ltr'>tractavit.</span> <span class='ocrx_word' id='word_1_342' title='bbox 1354 2518 1466 2550; x_wconf 81' lang='lat' dir='ltr'>filiam</span> <span class='ocrx_word' id='word_1_343' title='bbox 1502 2517 1641 2562; x_wconf 80' lang='lat' dir='ltr'>Trape-</span> 
     </span>
     <span class='ocr_line' id='line_1_41' title="bbox 174 2564 1638 2612; baseline -0.004 -8"><span class='ocrx_word' id='word_1_344' title='bbox 174 2571 288 2604; x_wconf 80' lang='lat' dir='ltr'>zuntii</span> <span class='ocrx_word' id='word_1_345' title='bbox 313 2570 417 2612; x_wconf 79' lang='lat' dir='ltr'>regis,</span> <span class='ocrx_word' id='word_1_346' title='bbox 443 2570 578 2601; x_wconf 82' lang='lat' dir='ltr'>Annam</span> <span class='ocrx_word' id='word_1_347' title='bbox 614 2568 759 2600; x_wconf 87' lang='lat' dir='ltr'>nomine</span> <span class='ocrx_word' id='word_1_348' title='bbox 787 2572 825 2599; x_wconf 86' lang='lat' dir='ltr'><strong><em>et</em></strong></span> <span class='ocrx_word' id='word_1_349' title='bbox 852 2565 1090 2599; x_wconf 79' lang='lat' dir='ltr'>Christianam</span> <span class='ocrx_word' id='word_1_350' title='bbox 1109 2591 1117 2604; x_wconf 89' lang='lat'>,</span> <span class='ocrx_word' id='word_1_351' title='bbox 1153 2565 1366 2598; x_wconf 82' lang='lat' dir='ltr'>custoditam</span> <span class='ocrx_word' id='word_1_352' title='bbox 1397 2577 1461 2610; x_wconf 85' lang='lat' dir='ltr'><strong><em>pro</em></strong></span> <span class='ocrx_word' id='word_1_353' title='bbox 1491 2564 1638 2598; x_wconf 80' lang='lat' dir='ltr'>arbitrio</span> 
     </span>
     <span class='ocr_line' id='line_1_42' title="bbox 174 2611 1640 2658; baseline -0.004 -8"><span class='ocrx_word' id='word_1_354' title='bbox 174 2617 322 2651; x_wconf 81' lang='lat' dir='ltr'>victoris</span> <span class='ocrx_word' id='word_1_355' title='bbox 348 2615 530 2648; x_wconf 85' lang='lat' dir='ltr'>connubio</span> <span class='ocrx_word' id='word_1_356' title='bbox 558 2616 676 2647; x_wconf 85' lang='lat' dir='ltr'>iunxit</span> <span class='ocrx_word' id='word_1_357' title='bbox 701 2615 856 2658; x_wconf 83' lang='lat' dir='ltr'>Zagano‚</span> <span class='ocrx_word' id='word_1_358' title='bbox 883 2613 1067 2645; x_wconf 82' lang='lat' dir='ltr'>inferioris</span> <span class='ocrx_word' id='word_1_359' title='bbox 1088 2612 1318 2645; x_wconf 86' lang='lat' dir='ltr'>Macedoniae</span> <span class='ocrx_word' id='word_1_360' title='bbox 1347 2611 1545 2657; x_wconf 84' lang='lat' dir='ltr'>praesecto.</span> <span class='ocrx_word' id='word_1_361' title='bbox 1597 2623 1640 2644; x_wconf 84' lang='lat' dir='ltr'><strong><em>ex</em></strong></span> 
     </span>
     <span class='ocr_line' id='line_1_43' title="bbox 174 2659 1640 2711; baseline -0.005 -13"><span class='ocrx_word' id='word_1_362' title='bbox 174 2676 250 2711; x_wconf 90' lang='lat' dir='ltr'>quo</span> <span class='ocrx_word' id='word_1_363' title='bbox 280 2669 400 2697; x_wconf 87' lang='lat' dir='ltr'>autem</span> <span class='ocrx_word' id='word_1_364' title='bbox 425 2673 507 2695; x_wconf 89' lang='lat' dir='ltr'><strong><em>eum</em></strong></span> <span class='ocrx_word' id='word_1_365' title='bbox 534 2661 774 2706; x_wconf 84' lang='lat' dir='ltr'>Peloponnesi</span> <span class='ocrx_word' id='word_1_366' title='bbox 811 2661 966 2705; x_wconf 87' lang='lat' dir='ltr'>imperio</span> <span class='ocrx_word' id='word_1_367' title='bbox 1003 2660 1161 2704; x_wconf 77' lang='lat' dir='ltr'>expulit,</span> <span class='ocrx_word' id='word_1_368' title='bbox 1197 2671 1275 2693; x_wconf 88' lang='lat' dir='ltr'><strong><em>eam</em></strong></span> <span class='ocrx_word' id='word_1_369' title='bbox 1300 2660 1447 2692; x_wconf 84' lang='lat' dir='ltr'>Albanis</span> <span class='ocrx_word' id='word_1_370' title='bbox 1475 2659 1562 2700; x_wconf 80' lang='lat' dir='ltr'>filio,</span> <span class='ocrx_word' id='word_1_371' title='bbox 1583 2659 1640 2692; x_wconf 89' lang='lat' dir='ltr'>cui</span> 
     </span>
     <span class='ocr_line' id='line_1_44' title="bbox 177 2707 1642 2756; baseline -0.004 -10"><span class='ocrx_word' id='word_1_372' title='bbox 177 2715 266 2756; x_wconf 80' lang='lat' dir='ltr'>lyon</span> <span class='ocrx_word' id='word_1_373' title='bbox 289 2722 422 2744; x_wconf 87' lang='lat' dir='ltr'>nomen</span> <span class='ocrx_word' id='word_1_374' title='bbox 445 2714 546 2750; x_wconf 82' lang='lat' dir='ltr'>erat,</span> <span class='ocrx_word' id='word_1_375' title='bbox 583 2708 754 2750; x_wconf 79' lang='lat' dir='ltr'>tradidit3</span> <span class='ocrx_word' id='word_1_376' title='bbox 791 2708 951 2752; x_wconf 84' lang='lat' dir='ltr'>quamvis</span> <span class='ocrx_word' id='word_1_377' title='bbox 979 2717 1054 2739; x_wconf 81' lang='lat' dir='ltr'><strong><em>eam</em></strong></span> <span class='ocrx_word' id='word_1_378' title='bbox 1082 2707 1252 2753; x_wconf 86' lang='lat' dir='ltr'>deinceps</span> <span class='ocrx_word' id='word_1_379' title='bbox 1278 2707 1458 2753; x_wconf 79' lang='lat' dir='ltr'>acceperit</span> <span class='ocrx_word' id='word_1_380' title='bbox 1483 2707 1642 2748; x_wconf 84' lang='lat' dir='ltr'>vincens,</span> 
     </span>
     <span class='ocr_line' id='line_1_45' title="bbox 176 2757 992 2806; baseline -0.01 -12"><span class='ocrx_word' id='word_1_381' title='bbox 176 2760 411 2806; x_wconf 80' lang='lat' dir='ltr'>coegeritque</span> <span class='ocrx_word' id='word_1_382' title='bbox 437 2767 535 2790; x_wconf 83' lang='lat' dir='ltr'>suam</span> <span class='ocrx_word' id='word_1_383' title='bbox 561 2757 772 2801; x_wconf 86' lang='lat' dir='ltr'>religionem</span> <span class='ocrx_word' id='word_1_384' title='bbox 800 2764 992 2788; x_wconf 82' lang='lat' dir='ltr'>assumere.</span> 
     </span>
    </p>
   </div>
  </div>
 </body>
</html>
