1774 3204
219 192 312 235 232
529 196 747 237 LAONlCI
788 196 1296 239 CHALCOCONDYLAE

213 294 338 345 μένης
370 293 412 338 ἐς
440 292 490 332 τὰ
523 287 643 333 ὅπλα.
720 293 784 333 διὸ
817 294 889 333 καί
914 293 1059 347 ἀρετῆς
1103 293 1270 336 ἔλαττον
1295 293 1407 349 ἴσχει
1435 294 1542 354 αὗτῇ
1567 315 1642 353 την

214 358 434 406 δαιμονίαν
463 359 621 410 ἐκείνην
650 360 796 412 φοράν.
855 361 971 399 δοκεῖ
994 361 1040 400 δὲ
1069 362 1262 412 γενέσθαι
1289 359 1460 415 σιδηρὴς
1486 364 1562 413 μὲν
1589 362 1635 404 τὸ

210 422 388 471 πρῶτον,
416 419 523 471 μετὰ
557 423 602 462 ’δὲ
622 422 749 463 ταῦτα
776 422 850 476 τὴν
877 425 954 463 τοῦ
969 421 1156 475 χύματος
1184 426 1438 475 καλουμένου
1458 424 1637 480 ἐπιφρά-

208 487 368 523 σασθαι
395 491 561 539 πεῖραν,
589 488 664 526 τοῦ
703 490 864 538 χαλκοῦ
897 486 975 528 συν
1011 490 1068 542 τῷ
1109 490 1336 546 κασσιτέρῳ
1370 492 1636 543 μεμιγμένου,

206 547 440 600 εὐδοκιμεῖν
483 551 525 596 ἐς
553 548 600 590 τὸ
640 552 810 605 α’φιέναι
838 550 910 592 τόν
938 551 1055 592 λίθον
1084 546 1249 602 ἄμεινόν
1275 568 1319 594 τε
1360 554 1430 594 καί
1452 553 1668 606 βιαιότε-5

206 625 292 663 ρον.
370 612 412 653 τὸ
441 617 581 664 μέντοι
612 617 755 668 σχῆμα
805 617 999 665 διεξιέναι
1029 611 1115 657 οἷον
1144 618 1256 667 ἐστι’,
1285 618 1500 672 περίεργον
1524 619 1635 669 μέντ’

202 670 251 715 ἂν
277 674 341 730 εἴη
372 679 476 718 πᾶσι
503 681 736 732 καθορῶσιν
757 681 988 735 ἁπανταχῇ.
1020 680 1212 734 ἐπίμηκες
1242 683 1276 721 δ’
1304 678 1359 732 ὅν,
1392 679 1488 723 ὅσον
1518 684 1556 722 δ’
1583 679 1634 723 ἂν

201 737 267 793 εἴη’
296 743 637 798 ἐπιμηκέστερον,
667 742 845 801 τοσούτῳ
889 746 959 785 ἐπὶ
992 747 1190 798 μήκιστον
1231 744 1383 801 οἷφιήσι
1409 746 1476 788 τὸν
1503 750 1633 802 λίθον,

200 802 298 845 ὥστ’
329 802 380 845 ἂν
407 809 601 858 γενέσθαι
627 810 858 861 τηλεβόλον,
886 805 1189 864 ᾗὲπυθόμεθα,
1217 812 1391 866 α’φιέντα
1413 811 1484 853 τὸν
1513 813 1633 854 λίθον

70 884 106 916 p,
122 883 188 917 124
200 869 270 910 ἐπὶ
294 867 574 924 ἑβδομήκοντα
611 875 819 924 σταδίους,
848 877 966 927 πέριξ
996 878 1212 928 σειομένην
1240 873 1313 928 τη’ν
1334 879 1408 929 γῆν
1434 879 1522 917 κατ’
1549 873 1630 929 ἅμ·
1645 890 1688 924 10

199 949 267 988 (pto
294 934 351 974 τιὸ
386 935 650 990 διαστήματε.
707 939 820 977 δοκεῖ
848 939 885 978 δ’
914 938 938 991 ἦ
966 940 1041 979 τοῦ
1068 941 1199 991 πυρὸς
1228 936 1332 994 αὕτη
1358 940 1536 992 δύναμις
1562 941 1632 983 τόν

197 1014 243 1038 τε
268 997 411 1053 ψόφον
447 999 762 1054 ἀπεργάζεσθαι
797 1002 868 1042 καί
907 1001 979 1055 τὴν
1008 1004 1156 1057 φοράν,
1187 999 1216 1059 ᾖ
1242 1004 1263 1044 ὅ
1292 1005 1408 1052 λίθος
1437 1008 1630 1060 φέρεται·

196 1062 446 1114 βιαζόμενον
473 1062 552 1116 γὰρ
581 1064 626 1105 τὸ
653 1072 858 1118 στοιχεῖον
885 1069 1006 1108 τοῦτο
1036 1066 1231 1120 πάμμεγα
1259 1070 1329 1109 καί
1354 1068 1572 1120 δαιμόνιόν
1589 1087 1631 1110 τι

199 1126 407 1167 δύνασθαι
443 1129 567 1183 δοκεῖ,
596 1124 624 1184 ᾖ
655 1129 704 1182 δὴ
735 1131 807 1170 καί
833 1130 905 1171 τὸν
923 1131 1103 1185 σκηπτόν
1132 1132 1403 1184 ἀπεργάζεται
1432 1132 1478 1174 τὸ
1507 1137 1631 1175 πνεῦ-

196 1207 258 1242 μα
288 1193 346 1238 εἷς
377 1191 422 1232 τὸ
455 1195 535 1245 πῦρ
565 1193 835 1246 μεταβάλλον.
904 1194 982 1237 εἴτε
1009 1198 1085 1247 μὲν
1113 1193 1186 1236 οὖν
1217 1195 1263 1236 τὸ
1296 1198 1353 1250 μὴ
1385 1197 1497 1239 κενὸν
1527 1215 1630 1252 συγ-
1644 1210 1687 1243 15

196 1259 446 1311 χωρεῖσθαι,
474 1255 544 1298 τόν
562 1273 605 1298 τε
633 1259 770 1313 ψόφον
799 1261 987 1311 γίνεσθαι
1008 1262 1080 1300 καί
1105 1259 1179 1314 τὴν
1213 1263 1360 1316 φοράν,
1389 1262 1472 1304 εἴτε
1500 1263 1630 1320 ταύτῃ

200 1322 277 1360 τοῦ
318 1320 452 1373 πυρὸς
485 1322 704 1373 τιθεμένου
741 1325 791 1379 τῇ
832 1322 1032 1379 δυνάμει,
1072 1322 1241 1366 ἐπειδάν
1277 1327 1632 1379 προσβιαζόμενον

197 1379 301 1437 ὕλης
328 1385 574 1440 ἐπιλάβηται
591 1421 601 1440 ,
631 1386 786 1442 α’νοῖγκη
817 1390 949 1429 ταῦτα
984 1388 1314 1442 ἀπεργαζόμενον
1342 1389 1476 1444 ἴσχειν
1499 1387 1631 1447 ἄμφω

161 1452 340 1495 Βταῦτα.
410 1452 524 1491 δοκεῖ
563 1453 608 1492 δὲ
635 1453 710 1491 τοῦ
737 1452 866 1505 πυρὸς
905 1452 980 1506 την
1010 1451 1188 1506 δύναμιν
1219 1451 1322 1495 εἶναι
1349 1455 1500 1509 ταύτην
1531 1458 1630 1509 ξύμ-

197 1531 360 1570 πασαν,
401 1517 472 1556 καί
499 1514 574 1569 τήν
605 1515 715 1558 κόνιν
755 1514 865 1566 ἆξεῖς
889 1523 1149 1572 πεφυκυῖαν,
1181 1517 1254 1572 τὴν
1281 1521 1356 1559 τοῦ
1386 1520 1516 1575 πυρὸς
1553 1518 1685 1562 δυ’-20

289 1645 322 1676 4.
349 1648 580 1692 μεμιγμένον
604 1648 628 1680 Ρ

199 1767 396 1807 conficitur,
422 1767 542 1800 addito
569 1769 720 1801 carbone
744 1775 780 1802 et
809 1771 955 1811 sulfure,
988 1771 1059 1802 vim
1087 1771 1188 1803 istam
1213 1776 1322 1804 tenet.
1371 1771 1467 1804 orbis
1490 1772 1625 1806 iudicat

198 1813 410 1846 bombardas
440 1826 534 1846 arma
561 1820 595 1847 et
633 1816 851 1848 munimenta
883 1828 957 1848 esse
995 1818 1139 1860 optima.
1189 1823 1403 1861 quapropter
1425 1819 1528 1850 etiam
1556 1819 1624 1850 mi·

198 1871 264 1892 nus
292 1860 429 1892 virtutis
454 1860 668 1892 bombardae
693 1861 844 1901 habent,
870 1863 1026 1906 quamvis
1058 1874 1173 1895 earum
1201 1864 1352 1907 impetus
1382 1875 1472 1907 pene
1497 1865 1543 1896 sit
1566 1865 1626 1897 di-

197 1906 312 1938 vinus.
360 1907 505 1948 primam
531 1906 758 1939 bombardam
785 1909 948 1940 existimo
985 1908 1092 1940 fuisse
1128 1909 1288 1942 ferream.
1338 1915 1460 1954 postea
1484 1909 1623 1942 demum

197 1952 326 1996 opinor
350 1952 524 1983 fusionem
551 1953 639 1984 aeris
666 1959 701 1985 et
724 1955 840 1986 stanni
870 1965 944 1986 esse
970 1955 1214 1997 excogitatam,
1241 1967 1329 1999 quae
1348 1967 1414 2000 per
1436 1956 1624 1989 conflatio-

195 2009 276 2030 nem
310 1997 360 2030 fit.
426 2009 516 2042 quae
549 1998 689 2042 quidem
725 2000 870 2031 materia
911 2001 1010 2032 iuxta
1045 2006 1206 2033 censetur
1244 2013 1319 2034 esse
1354 2002 1550 2033 firmissima
1588 2007 1625 2035 et

197 2044 354 2087 optima3
381 2054 495 2087 eoque
521 2045 680 2076 conferre
708 2045 914 2089 plurimum,
946 2051 984 2078 ut
1009 2046 1132 2088 globus
1160 2048 1196 2079 in
1225 2047 1416 2079 mirandam
1444 2049 1624 2080 emittatur

195 2089 468 2132 longitudinem.
518 2090 665 2122 formam
701 2097 817 2123 autem
843 2091 1114 2124 bombardorum
1148 2092 1358 2131 describere,
1385 2103 1462 2124 cum
1491 2092 1622 2137 ubique

195 2134 379 2168 hominum
417 2135 528 2168 oculis
566 2136 727 2169 obiectae
763 2138 850 2177 sint,
883 2149 1176 2182 supervacaneum
1209 2139 1284 2170 fore
1310 2139 1473 2170 iudicavi.
1521 2138 1622 2171 bom-

56 2202 76 2214 .
194 2181 304 2213 barda
341 2181 495 2224 oblonga
533 2187 600 2224 est3
638 2188 673 2214 et
704 2188 836 2226 quanto
872 2183 1011 2224 longior
1039 2190 1112 2224 est,
1138 2189 1236 2216 tanto
1262 2185 1400 2227 longius
1427 2185 1623 2217 eiaculatur

197 2227 352 2269 globum.
411 2229 606 2271 accepimus
645 2229 736 2260 enim
774 2228 1003 2261 bombardam
1031 2230 1162 2268 fuisse,
1196 2230 1292 2261 cuius
1327 2230 1451 2272 globus
1486 2231 1621 2274 impetu

196 2275 340 2306 emissus
369 2275 585 2317 superaverit
616 2275 837 2319 septuaginta
875 2275 1009 2315 stadia,
1037 2286 1113 2307 cum
1145 2276 1292 2307 finitima
1316 2283 1420 2316 terra,
1448 2287 1539 2320 quae
1562 2277 1622 2309 in·

196 2319 413 2359 teriacebat,
450 2319 641 2363 utrobique
678 2326 884 2353 moveretur.
933 2322 1091 2364 potentia
1118 2327 1234 2353 autem
1264 2322 1375 2364 ignis,
1402 2327 1440 2354 ut
1463 2327 1622 2366 apparet,

196 2366 332 2397 tonitru
358 2371 544 2409 procurat,
583 2377 722 2398 necnon
755 2367 945 2398 violentam
985 2367 1153 2399 lationem
1189 2367 1326 2410 lapidis.
1375 2379 1455 2400 nam
1479 2369 1506 2399 si
1531 2369 1621 2412 ignia

197 2412 353 2443 inclusus
382 2418 538 2453 cogatur,
565 2423 688 2455 magna
708 2412 892 2456 quaedam,
919 2418 954 2444 et
979 2424 1069 2456 quae
1093 2418 1249 2445 nostrum
1270 2414 1373 2457 plane
1394 2419 1533 2458 captum
1560 2425 1622 2446 ex-

197 2457 339 2498 cedunt,
367 2457 502 2490 efficere
524 2459 635 2491 novit.
661 2459 765 2490 etiam
791 2459 925 2490 fulmen
951 2459 1116 2496 nascitur,
1140 2459 1167 2490 si
1191 2465 1314 2492 ventus
1339 2460 1374 2491 in
1401 2460 1516 2502 ignem
1544 2471 1621 2491 mu-

199 2509 301 2535 tatur.
349 2502 432 2535 hinc
476 2504 582 2547 igitur
607 2509 643 2536 et
669 2505 801 2536 tonitru
829 2510 864 2537 et
889 2504 976 2536 latio
1006 2505 1064 2545 fit,
1089 2506 1161 2536 sive
1191 2504 1286 2548 quod
1311 2505 1524 2538 concedatur
1547 2516 1621 2538 non

198 2560 272 2582 esse
298 2560 443 2581 vacuum
469 2550 505 2582 in
531 2561 646 2582 rerum
671 2556 808 2590 natura,
833 2550 904 2583 sive
929 2550 1023 2594 quod
1046 2551 1134 2593 ignis
1162 2551 1312 2582 efficacia
1332 2551 1498 2593 accedat3
1527 2562 1620 2596 quae

196 2595 224 2626 si
266 2595 441 2628 violenter
477 2601 638 2639 urgeatur
676 2602 712 2628 et
746 2597 926 2629 materiam
963 2596 1206 2640 apprehendat
1235 2597 1304 2630 sibi
1349 2597 1619 2636 accommodam,

197 2646 346 2685 utraque
374 2642 438 2674 ista
475 2647 653 2685 praestare
686 2643 809 2686 possit.
858 2642 972 2674 omnis
1010 2648 1123 2675 autem
1152 2644 1216 2675 ista
1243 2644 1403 2686 potentia
1429 2644 1466 2676 in
1491 2643 1619 2685 ignem,

196 2691 236 2720 ut
259 2698 410 2729 causam,
438 2688 620 2722 referenda
645 2694 709 2722 est.
758 2688 826 2721 huc
853 2688 992 2722 additur
1018 2694 1052 2721 et
1075 2689 1191 2733 pulvis
1215 2690 1277 2734 qui
1303 2694 1424 2723 nactus
1453 2694 1506 2722 est
1529 2689 1618 2733 ignis
