<?xml version="1.0" encoding="UTF-8"?>
<!DOCTYPE html PUBLIC "-//W3C//DTD XHTML 1.0 Transitional//EN"
    "http://www.w3.org/TR/xhtml1/DTD/xhtml1-transitional.dtd">
<html xmlns="http://www.w3.org/1999/xhtml" xml:lang="en" lang="en">
 <head>
  <title>
</title>
<meta http-equiv="Content-Type" content="text/html;charset=utf-8" />
  <meta name='ocr-system' content='tesseract 3.04.00' />
  <meta name='ocr-capabilities' content='ocr_page ocr_carea ocr_par ocr_line ocrx_word'/>
</head>
<body>
  <div class='ocr_page' id='page_1' title='image "./corpusscriptorum32niebuoft_0415.png"; bbox 0 0 1858 3210; ppageno 0'>
   <div class='ocr_carea' id='block_1_1' title="bbox 508 159 1630 217">
    <p class='ocr_par' dir='ltr' id='par_1_1' title="bbox 508 159 1630 217">
     <span class='ocr_line' id='line_1_1' title="bbox 508 159 1630 217; baseline -0.004 0"><span class='ocrx_word' id='word_1_1' title='bbox 508 178 581 217; x_wconf 76' lang='lat' dir='ltr'><strong>DE</strong></span> <span class='ocrx_word' id='word_1_2' title='bbox 621 176 793 216; x_wconf 70' lang='lat' dir='ltr'><strong>nanus</strong></span> <span class='ocrx_word' id='word_1_3' title='bbox 809 159 817 167; x_wconf 84' lang='grc'><em>’</em></span> <span class='ocrx_word' id='word_1_4' title='bbox 833 174 1086 216; x_wconf 74' lang='lat' dir='ltr'><strong>Tnsscicis</strong></span> <span class='ocrx_word' id='word_1_5' title='bbox 1126 175 1174 214; x_wconf 87' lang='lat' dir='ltr'><strong>L.</strong></span> <span class='ocrx_word' id='word_1_6' title='bbox 1201 175 1314 214; x_wconf 83' lang='lat' dir='ltr'><strong>vm.</strong></span> <span class='ocrx_word' id='word_1_7' title='bbox 1531 163 1630 212; x_wconf 76' lang='grc'><strong>403</strong></span> 
     </span>
    </p>
   </div>
   <div class='ocr_carea' id='block_1_2' title="bbox 107 265 1775 1727">
    <p class='ocr_par' dir='ltr' id='par_1_2' title="bbox 107 265 1775 1727">
     <span class='ocr_line' id='line_1_2' title="bbox 165 265 1635 330; baseline -0.005 -11"><span class='ocrx_word' id='word_1_8' title='bbox 165 279 241 329; x_wconf 74' lang='grc' dir='ltr'><strong><em>τοῦ</em></strong></span> <span class='ocrx_word' id='word_1_9' title='bbox 269 275 445 330; x_wconf 85' lang='grc' dir='ltr'><strong><em>πατρός,</em></strong></span> <span class='ocrx_word' id='word_1_10' title='bbox 477 277 552 317; x_wconf 86' lang='grc' dir='ltr'>καί</span> <span class='ocrx_word' id='word_1_11' title='bbox 579 271 656 317; x_wconf 78' lang='grc' dir='ltr'><strong>ὅσα</strong></span> <span class='ocrx_word' id='word_1_12' title='bbox 684 276 782 329; x_wconf 79' lang='grc' dir='ltr'><strong><em>ἐνῆν</em></strong></span> <span class='ocrx_word' id='word_1_13' title='bbox 811 276 935 330; x_wconf 79' lang='grc' dir='ltr'><strong><em>σφίσι</em></strong></span> <span class='ocrx_word' id='word_1_14' title='bbox 967 265 1173 329; x_wconf 42' lang='grc' dir='ltr'><strong><em>’χρήματα</em></strong></span> <span class='ocrx_word' id='word_1_15' title='bbox 1203 274 1248 314; x_wconf 83' lang='grc' dir='ltr'><strong>έν</strong></span> <span class='ocrx_word' id='word_1_16' title='bbox 1274 274 1327 329; x_wconf 86' lang='grc' dir='ltr'><strong><em>τῇ</em></strong></span> <span class='ocrx_word' id='word_1_17' title='bbox 1347 270 1518 329; x_wconf 75' lang='grc' dir='ltr'><strong><em>Ἰταλίᾳ,</em></strong></span> <span class='ocrx_word' id='word_1_18' title='bbox 1552 287 1635 312; x_wconf 84' lang='grc' dir='ltr'><strong>πα-</strong></span> 
     </span>
     <span class='ocr_line' id='line_1_3' title="bbox 165 336 1638 400; baseline -0.007 -14"><span class='ocrx_word' id='word_1_19' title='bbox 165 343 375 400; x_wconf 78' lang='grc' dir='ltr'><strong><em>ραδόντας</em></strong></span> <span class='ocrx_word' id='word_1_20' title='bbox 413 344 687 396; x_wconf 73' lang='grc' dir='ltr'><strong><em>περιποιῆσαι</em></strong></span> <span class='ocrx_word' id='word_1_21' title='bbox 717 341 832 396; x_wconf 79' lang='grc' dir='ltr'><strong><em>σφᾶς</em></strong></span> <span class='ocrx_word' id='word_1_22' title='bbox 874 337 983 381; x_wconf 68' lang='grc' dir='ltr'><strong><em>ὥστε</em></strong></span> <span class='ocrx_word' id='word_1_23' title='bbox 1020 339 1080 394; x_wconf 79' lang='grc' dir='ltr'><strong>μὴ</strong></span> <span class='ocrx_word' id='word_1_24' title='bbox 1110 340 1354 385; x_wconf 65' lang='grc' dir='ltr'><strong><em>ἀποθανεῖν.</em></strong></span> <span class='ocrx_word' id='word_1_25' title='bbox 1420 336 1443 379; x_wconf 79' lang='grc' dir='ltr'><em>ὅ</em></span> <span class='ocrx_word' id='word_1_26' title='bbox 1483 339 1530 379; x_wconf 77' lang='grc' dir='ltr'><strong>δὲ</strong></span> <span class='ocrx_word' id='word_1_27' title='bbox 1560 338 1638 377; x_wconf 73' lang='lat' dir='ltr'><strong>ov&#39;x</strong></span> 
     </span>
     <span class='ocr_line' id='line_1_4' title="bbox 165 403 1642 462; baseline -0.005 -10"><span class='ocrx_word' id='word_1_28' title='bbox 165 409 254 462; x_wconf 74' lang='grc' dir='ltr'><strong><em>εἴα,</em></strong></span> <span class='ocrx_word' id='word_1_29' title='bbox 277 406 368 451; x_wconf 74' lang='grc' dir='ltr'><strong>ἀλλ’</strong></span> <span class='ocrx_word' id='word_1_30' title='bbox 406 410 571 451; x_wconf 85' lang='grc' dir='ltr'><strong><em>ἐκέλευε</em></strong></span> <span class='ocrx_word' id='word_1_31' title='bbox 623 410 892 461; x_wconf 72' lang='grc' dir='ltr'><strong><em>θαρροῦντας</em></strong></span> <span class='ocrx_word' id='word_1_32' title='bbox 930 409 1040 448; x_wconf 86' lang='grc' dir='ltr'><strong><em>ἰέναι</em></strong></span> <span class='ocrx_word' id='word_1_33' title='bbox 1088 407 1161 447; x_wconf 74' lang='grc' dir='ltr'><strong>ἐπὶ</strong></span> <span class='ocrx_word' id='word_1_34' title='bbox 1189 407 1261 447; x_wconf 84' lang='grc' dir='ltr'><strong>τόν</strong></span> <span class='ocrx_word' id='word_1_35' title='bbox 1295 403 1495 451; x_wconf 77' lang='grc' dir='ltr'><strong><em>θάνατον.</em></strong></span> <span class='ocrx_word' id='word_1_36' title='bbox 1566 404 1642 444; x_wconf 78' lang='grc' dir='ltr'>καί</span> 
     </span>
     <span class='ocr_line' id='line_1_5' title="bbox 165 467 1681 528; baseline -0.006 -10"><span class='ocrx_word' id='word_1_37' title='bbox 165 473 339 524; x_wconf 77' lang='grc' dir='ltr'><strong>τούτους</strong></span> <span class='ocrx_word' id='word_1_38' title='bbox 363 477 443 527; x_wconf 85' lang='grc' dir='ltr'><strong>μὲν</strong></span> <span class='ocrx_word' id='word_1_39' title='bbox 482 477 628 528; x_wconf 74' lang='grc' dir='ltr'><strong><em>πρῶτα</em></strong></span> <span class='ocrx_word' id='word_1_40' title='bbox 657 473 847 524; x_wconf 81' lang='grc' dir='ltr'><strong><em>α’νεῖλον,</em></strong></span> <span class='ocrx_word' id='word_1_41' title='bbox 873 472 981 525; x_wconf 80' lang='grc' dir='ltr'><strong><em>μετὰ</em></strong></span> <span class='ocrx_word' id='word_1_42' title='bbox 1015 473 1062 514; x_wconf 81' lang='grc' dir='ltr'><strong>δὲ</strong></span> <span class='ocrx_word' id='word_1_43' title='bbox 1103 467 1256 512; x_wconf 73' lang='grc' dir='ltr'><strong><em>ἑαυτὸν</em></strong></span> <span class='ocrx_word' id='word_1_44' title='bbox 1282 473 1510 525; x_wconf 80' lang='grc' dir='ltr'><strong><em>παρείχετο</em></strong></span> <span class='ocrx_word' id='word_1_45' title='bbox 1541 473 1681 511; x_wconf 78' lang='grc' dir='ltr'><strong><em>δια-Ι)</em></strong></span> 
     </span>
     <span class='ocr_line' id='line_1_6' title="bbox 131 535 1639 598; baseline -0.005 -13"><span class='ocrx_word' id='word_1_46' title='bbox 131 540 425 598; x_wconf 72' lang='grc' dir='ltr'><strong><em>5χρὴσασθαι.</em></strong></span> <span class='ocrx_word' id='word_1_47' title='bbox 484 539 542 589; x_wconf 76' lang='grc' dir='ltr'><strong>ὥς</strong></span> <span class='ocrx_word' id='word_1_48' title='bbox 573 541 619 582; x_wconf 80' lang='grc' dir='ltr'><strong>δὲ</strong></span> <span class='ocrx_word' id='word_1_49' title='bbox 647 537 799 581; x_wconf 79' lang='grc' dir='ltr'><strong><em>τοῦτόν</em></strong></span> <span class='ocrx_word' id='word_1_50' title='bbox 825 554 870 581; x_wconf 88' lang='grc' dir='ltr'><strong>τε</strong></span> <span class='ocrx_word' id='word_1_51' title='bbox 896 537 970 580; x_wconf 82' lang='grc' dir='ltr'>καί</span> <span class='ocrx_word' id='word_1_52' title='bbox 995 538 1095 588; x_wconf 78' lang='grc' dir='ltr'><strong>τούς</strong></span> <span class='ocrx_word' id='word_1_53' title='bbox 1134 539 1235 591; x_wconf 70' lang='grc' dir='ltr'><strong><em>περὶ</em></strong></span> <span class='ocrx_word' id='word_1_54' title='bbox 1263 536 1395 578; x_wconf 69' lang='grc' dir='ltr'><strong><em>αὐτὸν</em></strong></span> <span class='ocrx_word' id='word_1_55' title='bbox 1423 538 1588 579; x_wconf 72' lang='grc' dir='ltr'><strong><em>ἀνεῖλεν</em></strong></span> <span class='ocrx_word' id='word_1_56' title='bbox 1616 535 1639 577; x_wconf 81' lang='grc' dir='ltr'>ὅ</span> 
     </span>
     <span class='ocr_line' id='line_1_7' title="bbox 164 599 1641 663; baseline -0.006 -11"><span class='ocrx_word' id='word_1_57' title='bbox 164 609 386 663; x_wconf 80' lang='grc' dir='ltr'><strong><em>βασιλεύς,</em></strong></span> <span class='ocrx_word' id='word_1_58' title='bbox 434 609 587 650; x_wconf 70' lang='grc' dir='ltr'><strong><em>αὐτίκα</em></strong></span> <span class='ocrx_word' id='word_1_59' title='bbox 630 608 823 648; x_wconf 74' lang='grc' dir='ltr'><strong><em>ἐκέλευσε</em></strong></span> <span class='ocrx_word' id='word_1_60' title='bbox 866 603 937 646; x_wconf 83' lang='grc' dir='ltr'><em>καί</em></span> <span class='ocrx_word' id='word_1_61' title='bbox 981 607 1066 646; x_wconf 72' lang='grc' dir='ltr'><strong>τῶν</strong></span> <span class='ocrx_word' id='word_1_62' title='bbox 1093 602 1300 658; x_wconf 77' lang='grc' dir='ltr'><strong><em>Ἑλλήνων</em></strong></span> <span class='ocrx_word' id='word_1_63' title='bbox 1344 603 1446 652; x_wconf 77' lang='grc' dir='ltr'><strong>τούς</strong></span> <span class='ocrx_word' id='word_1_64' title='bbox 1474 599 1641 655; x_wconf 67' lang='grc' dir='ltr'><strong><em>ἄλλους,</em></strong></span> 
     </span>
     <span class='ocr_line' id='line_1_8' title="bbox 165 668 1644 730; baseline -0.004 -14"><span class='ocrx_word' id='word_1_65' title='bbox 165 673 261 718; x_wconf 79' lang='grc' dir='ltr'><strong><em>ὅσοι</em></strong></span> <span class='ocrx_word' id='word_1_66' title='bbox 293 676 492 730; x_wconf 85' lang='grc' dir='ltr'><strong><em>παρῆσαν</em></strong></span> <span class='ocrx_word' id='word_1_67' title='bbox 537 675 581 715; x_wconf 84' lang='grc' dir='ltr'><strong>ἐν</strong></span> <span class='ocrx_word' id='word_1_68' title='bbox 609 675 828 729; x_wconf 80' lang='grc' dir='ltr'><strong><em>Βυζαντίῳ</em></strong></span> <span class='ocrx_word' id='word_1_69' title='bbox 857 669 1216 724; x_wconf 78' lang='grc' dir='ltr'><strong><em>έλευθερωμένοι,</em></strong></span> <span class='ocrx_word' id='word_1_70' title='bbox 1258 668 1544 723; x_wconf 72' lang='grc' dir='ltr'><strong><em>ἀπαγαγόντες</em></strong></span> <span class='ocrx_word' id='word_1_71' title='bbox 1571 668 1644 710; x_wconf 82' lang='grc' dir='ltr'><em>καί</em></span> 
     </span>
     <span class='ocr_line' id='line_1_9' title="bbox 165 731 1641 796; baseline -0.006 -12"><span class='ocrx_word' id='word_1_72' title='bbox 165 743 342 790; x_wconf 80' lang='grc' dir='ltr'><strong><em>τούτους</em></strong></span> <span class='ocrx_word' id='word_1_73' title='bbox 383 741 652 796; x_wconf 75' lang='grc' dir='ltr'><strong><em>ἀπέσφαξαν.</em></strong></span> <span class='ocrx_word' id='word_1_74' title='bbox 728 741 801 780; x_wconf 83' lang='grc' dir='ltr'>καί</span> <span class='ocrx_word' id='word_1_75' title='bbox 847 736 960 779; x_wconf 76' lang='grc' dir='ltr'><strong><em>οὕτω</em></strong></span> <span class='ocrx_word' id='word_1_76' title='bbox 999 740 1078 791; x_wconf 85' lang='grc' dir='ltr'><strong>μὲν</strong></span> <span class='ocrx_word' id='word_1_77' title='bbox 1123 731 1240 779; x_wconf 78' lang='grc' dir='ltr'><strong><em>οὗτοι</em></strong></span> <span class='ocrx_word' id='word_1_78' title='bbox 1285 738 1330 778; x_wconf 84' lang='grc' dir='ltr'><strong>ἐν</strong></span> <span class='ocrx_word' id='word_1_79' title='bbox 1361 736 1506 778; x_wconf 82' lang='grc' dir='ltr'><strong><em>ου’δενί</em></strong></span> <span class='ocrx_word' id='word_1_80' title='bbox 1533 736 1641 792; x_wconf 83' lang='grc' dir='ltr'><strong><em>λόγῳ</em></strong></span> 
     </span>
     <span class='ocr_line' id='line_1_10' title="bbox 167 800 1641 860; baseline -0.005 -9"><span class='ocrx_word' id='word_1_81' title='bbox 167 808 415 851; x_wconf 72' lang='grc' dir='ltr'><strong><em>ἀπώλοντο·</em></strong></span> <span class='ocrx_word' id='word_1_82' title='bbox 490 804 692 860; x_wconf 77' lang='grc' dir='ltr'><strong><em>βασιλεύς</em></strong></span> <span class='ocrx_word' id='word_1_83' title='bbox 725 807 772 848; x_wconf 77' lang='grc' dir='ltr'><strong>δὲ</strong></span> <span class='ocrx_word' id='word_1_84' title='bbox 803 805 876 847; x_wconf 83' lang='grc' dir='ltr'><strong>ἑπί</strong></span> <span class='ocrx_word' id='word_1_85' title='bbox 903 807 1049 846; x_wconf 85' lang='grc' dir='ltr'><strong><em>τοῦτον</em></strong></span> <span class='ocrx_word' id='word_1_86' title='bbox 1075 803 1149 846; x_wconf 87' lang='grc' dir='ltr'><strong>τὸν</strong></span> <span class='ocrx_word' id='word_1_87' title='bbox 1179 803 1308 860; x_wconf 87' lang='grc' dir='ltr'><strong><em>φόνον</em></strong></span> <span class='ocrx_word' id='word_1_88' title='bbox 1339 801 1508 855; x_wconf 74' lang='grc' dir='ltr'><strong><em>ἐλάσας,</em></strong></span> <span class='ocrx_word' id='word_1_89' title='bbox 1542 800 1641 844; x_wconf 73' lang='grc' dir='ltr'><strong><em>ἐνιέ-</em></strong></span> 
     </span>
     <span class='ocr_line' id='line_1_11' title="bbox 111 865 1638 931; baseline -0.006 -12"><span class='ocrx_word' id='word_1_90' title='bbox 111 885 253 931; x_wconf 76' lang='grc' dir='ltr'><strong><em>ιθγων</em></strong></span> <span class='ocrx_word' id='word_1_91' title='bbox 276 877 359 917; x_wconf 74' lang='grc' dir='ltr'><strong>τῶν</strong></span> <span class='ocrx_word' id='word_1_92' title='bbox 384 871 591 928; x_wconf 78' lang='grc' dir='ltr'><strong><em>Ἑλλήνων</em></strong></span> <span class='ocrx_word' id='word_1_93' title='bbox 618 874 700 914; x_wconf 78' lang='grc' dir='ltr'><strong>τῶν</strong></span> <span class='ocrx_word' id='word_1_94' title='bbox 731 869 949 926; x_wconf 72' lang='grc' dir='ltr'><strong><em>ἐπιδήμων</em></strong></span> <span class='ocrx_word' id='word_1_95' title='bbox 978 868 1083 925; x_wconf 74' lang='grc' dir='ltr'><strong><em>ἑνός,</em></strong></span> <span class='ocrx_word' id='word_1_96' title='bbox 1117 865 1169 911; x_wconf 74' lang='grc' dir='ltr'><strong>οὗ</strong></span> <span class='ocrx_word' id='word_1_97' title='bbox 1201 869 1274 926; x_wconf 74' lang='grc' dir='ltr'><strong>τὴν</strong></span> <span class='ocrx_word' id='word_1_98' title='bbox 1303 871 1521 924; x_wconf 77' lang='grc' dir='ltr'><strong><em>θυγατέρα</em></strong></span> <span class='ocrx_word' id='word_1_99' title='bbox 1554 872 1638 923; x_wconf 85' lang='grc' dir='ltr'><strong>βα-</strong></span> 
     </span>
     <span class='ocr_line' id='line_1_12' title="bbox 163 933 1638 994; baseline -0.005 -11"><span class='ocrx_word' id='word_1_100' title='bbox 163 942 308 990; x_wconf 79' lang='grc' dir='ltr'><strong><em>σιλεὺς</em></strong></span> <span class='ocrx_word' id='word_1_101' title='bbox 350 937 649 994; x_wconf 78' lang='grc' dir='ltr'><strong><em>συγγενόμενος</em></strong></span> <span class='ocrx_word' id='word_1_102' title='bbox 690 933 775 993; x_wconf 76' lang='grc' dir='ltr'><strong>ἦρα</strong></span> <span class='ocrx_word' id='word_1_103' title='bbox 814 953 858 978; x_wconf 85' lang='grc' dir='ltr'><strong>τε</strong></span> <span class='ocrx_word' id='word_1_104' title='bbox 887 936 1212 990; x_wconf 79' lang='grc' dir='ltr'><strong><em>ἑπιμαινόμενος</em></strong></span> <span class='ocrx_word' id='word_1_105' title='bbox 1239 937 1292 993; x_wconf 83' lang='grc' dir='ltr'><strong><em>τῇ</em></strong></span> <span class='ocrx_word' id='word_1_106' title='bbox 1321 937 1514 990; x_wconf 83' lang='grc' dir='ltr'><strong><em>γυναικί,</em></strong></span> <span class='ocrx_word' id='word_1_107' title='bbox 1542 937 1638 984; x_wconf 85' lang='grc' dir='ltr'><strong>τούς</strong></span> 
     </span>
     <span class='ocr_line' id='line_1_13' title="bbox 163 1000 1637 1062; baseline -0.005 -13"><span class='ocrx_word' id='word_1_108' title='bbox 163 1022 209 1049; x_wconf 83' lang='grc' dir='ltr'><strong>τε</strong></span> <span class='ocrx_word' id='word_1_109' title='bbox 236 1006 522 1062; x_wconf 69' lang='grc' dir='ltr'><strong><em>προσήκοντας</em></strong></span> <span class='ocrx_word' id='word_1_110' title='bbox 550 1006 662 1061; x_wconf 70' lang='grc' dir='ltr'><strong><em>αὐτῇ</em></strong></span> <span class='ocrx_word' id='word_1_111' title='bbox 689 1002 1029 1060; x_wconf 75' lang='grc' dir='ltr'><strong><em>ἐφιλοφρονεῖτο,</em></strong></span> <span class='ocrx_word' id='word_1_112' title='bbox 1059 1001 1142 1044; x_wconf 74' lang='grc' dir='ltr'><strong>ὑπὸ</strong></span> <span class='ocrx_word' id='word_1_113' title='bbox 1174 1000 1330 1056; x_wconf 79' lang='grc' dir='ltr'><strong><em>ἔρωτος</em></strong></span> <span class='ocrx_word' id='word_1_114' title='bbox 1358 1001 1418 1051; x_wconf 72' lang='grc' dir='ltr'><strong>ὥς</strong></span> <span class='ocrx_word' id='word_1_115' title='bbox 1446 1001 1637 1054; x_wconf 81' lang='grc' dir='ltr'><strong><em>μάλιστα</em></strong></span> 
     </span>
     <span class='ocr_line' id='line_1_14' title="bbox 167 1066 1770 1129; baseline -0.002 -14"><span class='ocrx_word' id='word_1_116' title='bbox 167 1072 413 1129; x_wconf 86' lang='grc' dir='ltr'><strong><em>φερόμενος.</em></strong></span> <span class='ocrx_word' id='word_1_117' title='bbox 483 1070 558 1113; x_wconf 78' lang='grc' dir='ltr'>καί</span> <span class='ocrx_word' id='word_1_118' title='bbox 591 1070 726 1129; x_wconf 77' lang='grc' dir='ltr'><strong><em>τούτῳ</em></strong></span> <span class='ocrx_word' id='word_1_119' title='bbox 757 1071 867 1127; x_wconf 75' lang='grc' dir='ltr'><strong><em>φασί</em></strong></span> <span class='ocrx_word' id='word_1_120' title='bbox 894 1068 1147 1123; x_wconf 72' lang='grc' dir='ltr'><strong><em>πειθόμενον</em></strong></span> <span class='ocrx_word' id='word_1_121' title='bbox 1186 1070 1510 1125; x_wconf 74' lang='grc' dir='ltr'><strong><em>διαχρήσασθαι</em></strong></span> <span class='ocrx_word' id='word_1_122' title='bbox 1538 1066 1638 1119; x_wconf 81' lang='grc' dir='ltr'><strong>τούς</strong></span> <span class='ocrx_word' id='word_1_123' title='bbox 1652 1080 1687 1114; x_wconf 84' lang='grc' dir='ltr'><strong>Ρ.</strong></span> <span class='ocrx_word' id='word_1_124' title='bbox 1699 1080 1770 1113; x_wconf 69' lang='lat'><strong>214</strong></span> 
     </span>
     <span class='ocr_line' id='line_1_15' title="bbox 155 1135 1775 1193; baseline -0.002 -12"><span class='ocrx_word' id='word_1_125' title='bbox 155 1135 370 1193; x_wconf 81' lang='grc' dir='ltr'><strong><em>Ἕλληνας.</em></strong></span> <span class='ocrx_word' id='word_1_126' title='bbox 1654 1146 1696 1178; x_wconf 92' lang='lat' dir='ltr'><strong>v.</strong></span> <span class='ocrx_word' id='word_1_127' title='bbox 1711 1144 1775 1179; x_wconf 83' lang='grc'><strong>167</strong></span> 
     </span>
     <span class='ocr_line' id='line_1_16' title="bbox 111 1204 1640 1264; baseline -0.002 -14"><span class='ocrx_word' id='word_1_128' title='bbox 111 1217 155 1252; x_wconf 88' lang='lat'><strong>15</strong></span> <span class='ocrx_word' id='word_1_129' title='bbox 280 1209 398 1264; x_wconf 79' lang='grc' dir='ltr'><strong><em>Περί</em></strong></span> <span class='ocrx_word' id='word_1_130' title='bbox 425 1211 506 1262; x_wconf 86' lang='grc' dir='ltr'><strong>μὲν</strong></span> <span class='ocrx_word' id='word_1_131' title='bbox 533 1209 634 1257; x_wconf 78' lang='grc' dir='ltr'><strong>τούς</strong></span> <span class='ocrx_word' id='word_1_132' title='bbox 662 1210 737 1250; x_wconf 83' lang='grc' dir='ltr'><strong><em>τοῦ</em></strong></span> <span class='ocrx_word' id='word_1_133' title='bbox 758 1208 998 1259; x_wconf 78' lang='grc' dir='ltr'><strong><em>Βυζαντίου</em></strong></span> <span class='ocrx_word' id='word_1_134' title='bbox 1016 1204 1218 1262; x_wconf 81' lang='grc' dir='ltr'><strong><em>Ἓλληνας</em></strong></span> <span class='ocrx_word' id='word_1_135' title='bbox 1246 1209 1436 1250; x_wconf 76' lang='grc' dir='ltr'><strong><em>τοσαῦτα</em></strong></span> <span class='ocrx_word' id='word_1_136' title='bbox 1465 1209 1640 1264; x_wconf 78' lang='grc' dir='ltr'><strong><em>ἐγένετο,</em></strong></span> 
     </span>
     <span class='ocr_line' id='line_1_17' title="bbox 167 1272 1643 1330; baseline -0.002 -12"><span class='ocrx_word' id='word_1_137' title='bbox 167 1277 289 1318; x_wconf 81' lang='grc' dir='ltr'><strong><em>δοκεῖ</em></strong></span> <span class='ocrx_word' id='word_1_138' title='bbox 312 1277 358 1317; x_wconf 81' lang='grc' dir='ltr'><strong>δὲ</strong></span> <span class='ocrx_word' id='word_1_139' title='bbox 391 1276 415 1330; x_wconf 80' lang='grc' dir='ltr'><em>ἦ</em></span> <span class='ocrx_word' id='word_1_140' title='bbox 446 1274 646 1330; x_wconf 77' lang='grc' dir='ltr'><strong><em>ξυμφορὰ</em></strong></span> <span class='ocrx_word' id='word_1_141' title='bbox 678 1272 786 1329; x_wconf 78' lang='grc' dir='ltr'><strong><em>αὕτη</em></strong></span> <span class='ocrx_word' id='word_1_142' title='bbox 816 1277 989 1328; x_wconf 74' lang='grc' dir='ltr'><strong><em>μεγίστη</em></strong></span> <span class='ocrx_word' id='word_1_143' title='bbox 1019 1275 1105 1315; x_wconf 77' lang='grc' dir='ltr'><strong>τῶν</strong></span> <span class='ocrx_word' id='word_1_144' title='bbox 1150 1272 1258 1315; x_wconf 73' lang='grc' dir='ltr'><strong><em>κατὰ</em></strong></span> <span class='ocrx_word' id='word_1_145' title='bbox 1286 1273 1364 1328; x_wconf 80' lang='grc' dir='ltr'><strong>τὴν</strong></span> <span class='ocrx_word' id='word_1_146' title='bbox 1395 1276 1643 1329; x_wconf 85' lang='grc' dir='ltr'><strong><em>οἰκουμένην</em></strong></span> 
     </span>
     <span class='ocr_line' id='line_1_18' title="bbox 165 1340 1643 1398; baseline -0.003 -14"><span class='ocrx_word' id='word_1_147' title='bbox 165 1345 398 1398; x_wconf 83' lang='grc' dir='ltr'><strong><em>γενομένων</em></strong></span> <span class='ocrx_word' id='word_1_148' title='bbox 427 1340 748 1395; x_wconf 76' lang='grc' dir='ltr'><strong><em>ὑπερβαλέσθαι</em></strong></span> <span class='ocrx_word' id='word_1_149' title='bbox 775 1343 831 1398; x_wconf 76' lang='grc' dir='ltr'><strong><em>τῷ</em></strong></span> <span class='ocrx_word' id='word_1_150' title='bbox 861 1341 1008 1393; x_wconf 74' lang='grc' dir='ltr'><strong><em>πάθει,</em></strong></span> <span class='ocrx_word' id='word_1_151' title='bbox 1051 1343 1124 1382; x_wconf 74' lang='grc' dir='ltr'><strong><em>κατ’</em></strong></span> <span class='ocrx_word' id='word_1_152' title='bbox 1151 1342 1201 1396; x_wconf 84' lang='grc' dir='ltr'><strong><em>τῇ</em></strong></span> <span class='ocrx_word' id='word_1_153' title='bbox 1230 1343 1313 1382; x_wconf 78' lang='grc' dir='ltr'><strong>τῶν</strong></span> <span class='ocrx_word' id='word_1_154' title='bbox 1344 1341 1469 1384; x_wconf 80' lang='grc' dir='ltr'><strong><em>Ἰλιόυ</em></strong></span> <span class='ocrx_word' id='word_1_155' title='bbox 1499 1357 1643 1394; x_wconf 82' lang='grc' dir='ltr'><strong><em>παρα..</em></strong></span> 
     </span>
     <span class='ocr_line' id='line_1_19' title="bbox 165 1405 1643 1463; baseline -0.001 -15"><span class='ocrx_word' id='word_1_156' title='bbox 165 1410 349 1463; x_wconf 76' lang='grc' dir='ltr'><strong><em>πλησίαν</em></strong></span> <span class='ocrx_word' id='word_1_157' title='bbox 378 1407 620 1461; x_wconf 78' lang='grc' dir='ltr'><strong><em>γεγονέναι,</em></strong></span> <span class='ocrx_word' id='word_1_158' title='bbox 663 1409 783 1462; x_wconf 76' lang='grc' dir='ltr'><strong><em>δίκην</em></strong></span> <span class='ocrx_word' id='word_1_159' title='bbox 815 1409 1014 1460; x_wconf 75' lang='grc' dir='ltr'><strong><em>γενέσθαι</em></strong></span> <span class='ocrx_word' id='word_1_160' title='bbox 1057 1409 1132 1448; x_wconf 78' lang='grc' dir='ltr'><strong><em>τοῦ</em></strong></span> <span class='ocrx_word' id='word_1_161' title='bbox 1157 1407 1281 1448; x_wconf 79' lang='grc' dir='ltr'><strong><em>Ἰλιόυ</em></strong></span> <span class='ocrx_word' id='word_1_162' title='bbox 1311 1405 1392 1448; x_wconf 77' lang='grc' dir='ltr'><strong>ὑπὸ</strong></span> <span class='ocrx_word' id='word_1_163' title='bbox 1423 1410 1504 1448; x_wconf 76' lang='grc' dir='ltr'><strong>τῶν</strong></span> <span class='ocrx_word' id='word_1_164' title='bbox 1532 1410 1643 1460; x_wconf 83' lang='grc' dir='ltr'><strong><em>βαρ-</em></strong></span> 
     </span>
     <span class='ocr_line' id='line_1_20' title="bbox 165 1469 1645 1528; baseline -0.002 -13"><span class='ocrx_word' id='word_1_165' title='bbox 165 1474 312 1528; x_wconf 81' lang='grc' dir='ltr'><strong><em>βάρων</em></strong></span> <span class='ocrx_word' id='word_1_166' title='bbox 340 1479 424 1522; x_wconf 81' lang='grc' dir='ltr'><strong><em>τοῖς</em></strong></span> <span class='ocrx_word' id='word_1_167' title='bbox 458 1469 629 1528; x_wconf 53' lang='lat' dir='ltr'><strong>“Estque</strong></span> <span class='ocrx_word' id='word_1_168' title='bbox 669 1474 860 1514; x_wconf 77' lang='grc' dir='ltr'><strong><em>πασσυδί</em></strong></span> <span class='ocrx_word' id='word_1_169' title='bbox 901 1474 1227 1527; x_wconf 74' lang='grc' dir='ltr'><strong><em>ἀπολουμένοις,</em></strong></span> <span class='ocrx_word' id='word_1_170' title='bbox 1266 1474 1340 1514; x_wconf 87' lang='grc' dir='ltr'><em>καί</em></span> <span class='ocrx_word' id='word_1_171' title='bbox 1386 1470 1500 1514; x_wconf 71' lang='grc' dir='ltr'><strong><em>οὕτω</em></strong></span> <span class='ocrx_word' id='word_1_172' title='bbox 1546 1470 1645 1521; x_wconf 74' lang='grc' dir='ltr'><strong>τούς</strong></span> 
     </span>
     <span class='ocr_line' id='line_1_21' title="bbox 107 1535 1644 1595; baseline -0.004 -10"><span class='ocrx_word' id='word_1_173' title='bbox 107 1541 400 1593; x_wconf 76' lang='grc' dir='ltr'><strong><em>2οῬωμαιόυς</em></strong></span> <span class='ocrx_word' id='word_1_174' title='bbox 430 1538 599 1582; x_wconf 74' lang='grc' dir='ltr'><strong><em>οἴεσθαι</em></strong></span> <span class='ocrx_word' id='word_1_175' title='bbox 638 1541 860 1594; x_wconf 81' lang='grc' dir='ltr'><strong><em>ξυμβῆναι,</em></strong></span> <span class='ocrx_word' id='word_1_176' title='bbox 898 1537 976 1593; x_wconf 82' lang='grc' dir='ltr'><strong>τὴν</strong></span> <span class='ocrx_word' id='word_1_177' title='bbox 1009 1537 1119 1580; x_wconf 76' lang='grc' dir='ltr'><strong><em>τίσιν</em></strong></span> <span class='ocrx_word' id='word_1_178' title='bbox 1148 1539 1339 1595; x_wconf 74' lang='grc' dir='ltr'><strong><em>ἀφῖχθαι</em></strong></span> <span class='ocrx_word' id='word_1_179' title='bbox 1369 1545 1456 1588; x_wconf 81' lang='grc' dir='ltr'><strong><em>τοῖς</em></strong></span> <span class='ocrx_word' id='word_1_180' title='bbox 1474 1535 1644 1594; x_wconf 78' lang='grc' dir='ltr'><strong><em>Ἕλλησι</em></strong></span> 
     </span>
     <span class='ocr_line' id='line_1_22' title="bbox 166 1606 1204 1663; baseline -0.002 -14"><span class='ocrx_word' id='word_1_181' title='bbox 166 1608 244 1663; x_wconf 78' lang='grc' dir='ltr'><strong>τῆς</strong></span> <span class='ocrx_word' id='word_1_182' title='bbox 271 1606 406 1648; x_wconf 78' lang='grc' dir='ltr'><strong><em>πάλαι</em></strong></span> <span class='ocrx_word' id='word_1_183' title='bbox 438 1609 539 1648; x_wconf 84' lang='grc' dir='ltr'><strong><em>ποτὲ</em></strong></span> <span class='ocrx_word' id='word_1_184' title='bbox 564 1608 786 1660; x_wconf 81' lang='grc' dir='ltr'><strong><em>γενομένης</em></strong></span> <span class='ocrx_word' id='word_1_185' title='bbox 815 1606 938 1648; x_wconf 83' lang='grc' dir='ltr'><strong><em>Ἰλιόυ</em></strong></span> <span class='ocrx_word' id='word_1_186' title='bbox 970 1608 1204 1660; x_wconf 82' lang='grc' dir='ltr'><strong><em>ξυμφορᾶς.</em></strong></span> 
     </span>
     <span class='ocr_line' id='line_1_23' title="bbox 306 1667 1642 1727; baseline 0 -13"><span class='ocrx_word' id='word_1_187' title='bbox 306 1673 453 1714; x_wconf 80' lang='grc' dir='ltr'><strong><em>Ταῦτα</em></strong></span> <span class='ocrx_word' id='word_1_188' title='bbox 477 1674 556 1725; x_wconf 81' lang='grc' dir='ltr'><strong>μὲν</strong></span> <span class='ocrx_word' id='word_1_189' title='bbox 599 1667 675 1714; x_wconf 78' lang='grc' dir='ltr'><strong>οὖν</strong></span> <span class='ocrx_word' id='word_1_190' title='bbox 712 1674 755 1722; x_wconf 82' lang='grc' dir='ltr'><strong>ἐς</strong></span> <span class='ocrx_word' id='word_1_191' title='bbox 784 1673 987 1714; x_wconf 78' lang='grc' dir='ltr'><strong><em>τοσοῦτον</em></strong></span> <span class='ocrx_word' id='word_1_192' title='bbox 1025 1672 1214 1726; x_wconf 83' lang='grc' dir='ltr'><strong><em>ἐγένετο·</em></strong></span> <span class='ocrx_word' id='word_1_193' title='bbox 1275 1674 1470 1727; x_wconf 82' lang='grc' dir='ltr'><strong><em>Χαλίλην</em></strong></span> <span class='ocrx_word' id='word_1_194' title='bbox 1502 1672 1549 1714; x_wconf 75' lang='grc' dir='ltr'><strong>δὲ</strong></span> <span class='ocrx_word' id='word_1_195' title='bbox 1578 1673 1642 1714; x_wconf 83' lang='grc' dir='ltr'><strong><em>ε’ν-</em></strong></span> 
     </span>
    </p>
   </div>
   <div class='ocr_carea' id='block_1_3' title="bbox 22 1882 1668 2448">
    <p class='ocr_par' dir='ltr' id='par_1_3' title="bbox 165 1882 1668 2353">
     <span class='ocr_line' id='line_1_24' title="bbox 170 1882 1639 1928; baseline -0.001 -11"><span class='ocrx_word' id='word_1_196' title='bbox 170 1885 237 1917; x_wconf 79' lang='lat' dir='ltr'><strong>mii</strong></span> <span class='ocrx_word' id='word_1_197' title='bbox 264 1883 434 1918; x_wconf 84' lang='lat' dir='ltr'><strong>timentes</strong></span> <span class='ocrx_word' id='word_1_198' title='bbox 459 1888 635 1923; x_wconf 89' lang='lat' dir='ltr'><strong>mortem,</strong></span> <span class='ocrx_word' id='word_1_199' title='bbox 670 1882 837 1928; x_wconf 82' lang='lat' dir='ltr'>precibus</span> <span class='ocrx_word' id='word_1_200' title='bbox 880 1882 1081 1926; x_wconf 77' lang='lat' dir='ltr'>fatigabant</span> <span class='ocrx_word' id='word_1_201' title='bbox 1106 1888 1247 1927; x_wconf 81' lang='lat' dir='ltr'><strong>patrem</strong></span> <span class='ocrx_word' id='word_1_202' title='bbox 1275 1887 1316 1915; x_wconf 89' lang='lat' dir='ltr'><strong>ut</strong></span> <span class='ocrx_word' id='word_1_203' title='bbox 1343 1882 1639 1916; x_wconf 81' lang='lat' dir='ltr'><strong>interfectoribus</strong></span> 
     </span>
     <span class='ocr_line' id='line_1_25' title="bbox 170 1929 1639 1977; baseline -0.002 -12"><span class='ocrx_word' id='word_1_204' title='bbox 170 1943 258 1977; x_wconf 83' lang='lat' dir='ltr'><strong>opes</strong></span> <span class='ocrx_word' id='word_1_205' title='bbox 286 1931 468 1964; x_wconf 85' lang='lat' dir='ltr'><strong>universas</strong></span> <span class='ocrx_word' id='word_1_206' title='bbox 494 1941 582 1976; x_wconf 88' lang='lat' dir='ltr'><strong>quas</strong></span> <span class='ocrx_word' id='word_1_207' title='bbox 609 1931 647 1962; x_wconf 87' lang='lat' dir='ltr'><strong>in</strong></span> <span class='ocrx_word' id='word_1_208' title='bbox 679 1930 783 1962; x_wconf 85' lang='lat' dir='ltr'><strong>Italia</strong></span> <span class='ocrx_word' id='word_1_209' title='bbox 819 1929 972 1962; x_wconf 80' lang='lat' dir='ltr'><strong>haberet</strong></span> <span class='ocrx_word' id='word_1_210' title='bbox 997 1935 1289 1974; x_wconf 73' lang='lat' dir='ltr'><strong>permnrneraoet,</strong></span> <span class='ocrx_word' id='word_1_211' title='bbox 1315 1941 1361 1962; x_wconf 87' lang='lat' dir='ltr'><strong>ne</strong></span> <span class='ocrx_word' id='word_1_212' title='bbox 1387 1930 1456 1975; x_wconf 89' lang='lat' dir='ltr'><strong>ipsi</strong></span> <span class='ocrx_word' id='word_1_213' title='bbox 1482 1931 1639 1974; x_wconf 78' lang='lat' dir='ltr'><strong>perime..</strong></span> 
     </span>
     <span class='ocr_line' id='line_1_26' title="bbox 169 1975 1638 2022; baseline -0.001 -10"><span class='ocrx_word' id='word_1_214' title='bbox 169 1983 306 2012; x_wconf 84' lang='lat' dir='ltr'><strong>rentur.</strong></span> <span class='ocrx_word' id='word_1_215' title='bbox 355 1988 478 2010; x_wconf 84' lang='lat' dir='ltr'><strong>verum</strong></span> <span class='ocrx_word' id='word_1_216' title='bbox 505 1982 607 2022; x_wconf 83' lang='lat' dir='ltr'><strong>pater</strong></span> <span class='ocrx_word' id='word_1_217' title='bbox 632 1976 831 2009; x_wconf 87' lang='lat' dir='ltr'><strong>liberorum</strong></span> <span class='ocrx_word' id='word_1_218' title='bbox 854 1988 978 2021; x_wconf 83' lang='lat' dir='ltr'><strong>preces</strong></span> <span class='ocrx_word' id='word_1_219' title='bbox 1007 1975 1187 2009; x_wconf 77' lang='lat' dir='ltr'><strong>aversatus</strong></span> <span class='ocrx_word' id='word_1_220' title='bbox 1215 1977 1319 2010; x_wconf 88' lang='lat' dir='ltr'><strong>iussit</strong></span> <span class='ocrx_word' id='word_1_221' title='bbox 1345 1982 1384 2009; x_wconf 88' lang='lat' dir='ltr'><strong>ut</strong></span> <span class='ocrx_word' id='word_1_222' title='bbox 1408 1977 1492 2010; x_wconf 85' lang='lat' dir='ltr'><strong>forti</strong></span> <span class='ocrx_word' id='word_1_223' title='bbox 1517 1978 1638 2011; x_wconf 83' lang='lat' dir='ltr'><strong>animo</strong></span> 
     </span>
     <span class='ocr_line' id='line_1_27' title="bbox 169 2023 1640 2069; baseline 0 -11"><span class='ocrx_word' id='word_1_224' title='bbox 169 2025 216 2058; x_wconf 81' lang='lat' dir='ltr'><strong>ad</strong></span> <span class='ocrx_word' id='word_1_225' title='bbox 242 2025 488 2058; x_wconf 79' lang='lat' dir='ltr'>imminentem</span> <span class='ocrx_word' id='word_1_226' title='bbox 517 2030 669 2057; x_wconf 89' lang='lat' dir='ltr'><strong>mortem</strong></span> <span class='ocrx_word' id='word_1_227' title='bbox 692 2025 798 2056; x_wconf 86' lang='lat' dir='ltr'><strong>irent.</strong></span> <span class='ocrx_word' id='word_1_228' title='bbox 825 2023 862 2056; x_wconf 84' lang='lat' dir='ltr'><strong>hi</strong></span> <span class='ocrx_word' id='word_1_229' title='bbox 890 2023 1038 2069; x_wconf 85' lang='lat' dir='ltr'><strong>quidem</strong></span> <span class='ocrx_word' id='word_1_230' title='bbox 1063 2025 1177 2068; x_wconf 85' lang='lat' dir='ltr'><strong>primo</strong></span> <span class='ocrx_word' id='word_1_231' title='bbox 1206 2024 1389 2057; x_wconf 83' lang='lat' dir='ltr'><strong>interfecti</strong></span> <span class='ocrx_word' id='word_1_232' title='bbox 1416 2029 1510 2056; x_wconf 86' lang='lat' dir='ltr'><strong>sunt.</strong></span> <span class='ocrx_word' id='word_1_233' title='bbox 1538 2030 1640 2069; x_wconf 86' lang='lat' dir='ltr'><strong>post-</strong></span> 
     </span>
     <span class='ocr_line' id='line_1_28' title="bbox 169 2070 1637 2116; baseline -0.001 -10"><span class='ocrx_word' id='word_1_234' title='bbox 169 2084 212 2106; x_wconf 77' lang='lat' dir='ltr'><strong>ea</strong></span> <span class='ocrx_word' id='word_1_235' title='bbox 237 2084 276 2106; x_wconf 86' lang='lat' dir='ltr'><strong>se</strong></span> <span class='ocrx_word' id='word_1_236' title='bbox 300 2071 502 2106; x_wconf 81' lang='lat' dir='ltr'><strong>necandum</strong></span> <span class='ocrx_word' id='word_1_237' title='bbox 539 2077 575 2104; x_wconf 88' lang='lat' dir='ltr'><strong>et</strong></span> <span class='ocrx_word' id='word_1_238' title='bbox 602 2072 678 2116; x_wconf 87' lang='lat' dir='ltr'><strong>ipse</strong></span> <span class='ocrx_word' id='word_1_239' title='bbox 719 2071 1015 2104; x_wconf 80' lang='lat' dir='ltr'><strong>interfectoribus</strong></span> <span class='ocrx_word' id='word_1_240' title='bbox 1054 2071 1235 2116; x_wconf 86' lang='lat' dir='ltr'><strong>praebuit.</strong></span> <span class='ocrx_word' id='word_1_241' title='bbox 1296 2070 1351 2104; x_wconf 86' lang='lat' dir='ltr'><strong>his</strong></span> <span class='ocrx_word' id='word_1_242' title='bbox 1378 2071 1428 2103; x_wconf 86' lang='lat' dir='ltr'><strong>ita</strong></span> <span class='ocrx_word' id='word_1_243' title='bbox 1469 2072 1637 2116; x_wconf 79' lang='lat' dir='ltr'>peractis,</span> 
     </span>
     <span class='ocr_line' id='line_1_29' title="bbox 167 2119 1637 2165; baseline -0.001 -11"><span class='ocrx_word' id='word_1_244' title='bbox 167 2131 235 2154; x_wconf 86' lang='lat' dir='ltr'><strong>nec</strong></span> <span class='ocrx_word' id='word_1_245' title='bbox 262 2120 412 2165; x_wconf 85' lang='lat' dir='ltr'><strong>reliquis</strong></span> <span class='ocrx_word' id='word_1_246' title='bbox 441 2119 585 2151; x_wconf 83' lang='lat' dir='ltr'><strong>Graecis</strong></span> <span class='ocrx_word' id='word_1_247' title='bbox 620 2119 786 2164; x_wconf 81' lang='lat' dir='ltr'><strong>pepercit</strong></span> <span class='ocrx_word' id='word_1_248' title='bbox 823 2130 908 2159; x_wconf 86' lang='lat' dir='ltr'><strong>rex,</strong></span> <span class='ocrx_word' id='word_1_249' title='bbox 942 2130 1064 2152; x_wconf 87' lang='lat' dir='ltr'><strong>verum</strong></span> <span class='ocrx_word' id='word_1_250' title='bbox 1098 2130 1242 2158; x_wconf 90' lang='lat' dir='ltr'><strong>omnes,</strong></span> <span class='ocrx_word' id='word_1_251' title='bbox 1281 2124 1464 2164; x_wconf 78' lang='lat' dir='ltr'>quotquot</span> <span class='ocrx_word' id='word_1_252' title='bbox 1491 2119 1637 2152; x_wconf 84' lang='lat' dir='ltr'><strong>liberati</strong></span> 
     </span>
     <span class='ocr_line' id='line_1_30' title="bbox 167 2165 1668 2211; baseline -0.001 -10"><span class='ocrx_word' id='word_1_253' title='bbox 167 2166 317 2201; x_wconf 81' lang='lat' dir='ltr'><strong>aderant</strong></span> <span class='ocrx_word' id='word_1_254' title='bbox 344 2166 519 2210; x_wconf 79' lang='lat' dir='ltr'><strong>Byzantii,</strong></span> <span class='ocrx_word' id='word_1_255' title='bbox 543 2165 588 2198; x_wconf 84' lang='lat' dir='ltr'><strong>ad</strong></span> <span class='ocrx_word' id='word_1_256' title='bbox 613 2166 829 2211; x_wconf 88' lang='lat' dir='ltr'><strong>supplicium</strong></span> <span class='ocrx_word' id='word_1_257' title='bbox 852 2171 1051 2199; x_wconf 72' lang='lat' dir='ltr'><strong>extremum</strong></span> <span class='ocrx_word' id='word_1_258' title='bbox 1074 2167 1149 2211; x_wconf 87' lang='lat' dir='ltr'><strong>rapi</strong></span> <span class='ocrx_word' id='word_1_259' title='bbox 1175 2166 1290 2199; x_wconf 84' lang='lat' dir='ltr'><strong>iussit.</strong></span> <span class='ocrx_word' id='word_1_260' title='bbox 1341 2166 1378 2198; x_wconf 81' lang='lat' dir='ltr'><strong>hi</strong></span> <span class='ocrx_word' id='word_1_261' title='bbox 1404 2165 1549 2211; x_wconf 81' lang='lat' dir='ltr'><strong>quidem</strong></span> <span class='ocrx_word' id='word_1_262' title='bbox 1571 2177 1638 2211; x_wconf 86' lang='lat' dir='ltr'><strong>pe·</strong></span> <span class='ocrx_word' id='word_1_263' title='bbox 1660 2184 1668 2190; x_wconf 88' lang='lat'><em>-</em></span> 
     </span>
     <span class='ocr_line' id='line_1_31' title="bbox 166 2213 1636 2258; baseline -0.001 -10"><span class='ocrx_word' id='word_1_264' title='bbox 166 2226 289 2248; x_wconf 84' lang='lat' dir='ltr'><strong>corum</strong></span> <span class='ocrx_word' id='word_1_265' title='bbox 317 2213 425 2248; x_wconf 86' lang='lat' dir='ltr'><strong>modo</strong></span> <span class='ocrx_word' id='word_1_266' title='bbox 451 2213 637 2258; x_wconf 84' lang='lat' dir='ltr'><strong>percussi,</strong></span> <span class='ocrx_word' id='word_1_267' title='bbox 672 2213 774 2245; x_wconf 86' lang='lat' dir='ltr'><strong>nulla</strong></span> <span class='ocrx_word' id='word_1_268' title='bbox 811 2224 932 2246; x_wconf 89' lang='lat' dir='ltr'><strong>eorum</strong></span> <span class='ocrx_word' id='word_1_269' title='bbox 965 2214 1103 2248; x_wconf 87' lang='lat' dir='ltr'><strong>ratione</strong></span> <span class='ocrx_word' id='word_1_270' title='bbox 1140 2213 1288 2254; x_wconf 82' lang='lat' dir='ltr'><strong>habita,</strong></span> <span class='ocrx_word' id='word_1_271' title='bbox 1315 2214 1466 2258; x_wconf 83' lang='lat' dir='ltr'><strong>periere.</strong></span> <span class='ocrx_word' id='word_1_272' title='bbox 1516 2224 1636 2256; x_wconf 75' lang='lat' dir='ltr'><strong>regem</strong></span> 
     </span>
     <span class='ocr_line' id='line_1_32' title="bbox 166 2260 1636 2306; baseline -0.002 -11"><span class='ocrx_word' id='word_1_273' title='bbox 166 2267 287 2295; x_wconf 85' lang='lat' dir='ltr'><strong>autem</strong></span> <span class='ocrx_word' id='word_1_274' title='bbox 321 2262 358 2294; x_wconf 89' lang='lat' dir='ltr'><strong>in</strong></span> <span class='ocrx_word' id='word_1_275' title='bbox 386 2261 604 2294; x_wconf 85' lang='lat' dir='ltr'><strong>Graecorum</strong></span> <span class='ocrx_word' id='word_1_276' title='bbox 627 2260 774 2293; x_wconf 81' lang='lat' dir='ltr'><strong>caedem</strong></span> <span class='ocrx_word' id='word_1_277' title='bbox 799 2261 993 2294; x_wconf 88' lang='lat' dir='ltr'><strong>concitavit</strong></span> <span class='ocrx_word' id='word_1_278' title='bbox 1027 2261 1163 2295; x_wconf 80' lang='lat' dir='ltr'><strong>advena</strong></span> <span class='ocrx_word' id='word_1_279' title='bbox 1202 2261 1373 2306; x_wconf 82' lang='lat' dir='ltr'><strong>quidam,</strong></span> <span class='ocrx_word' id='word_1_280' title='bbox 1398 2261 1498 2293; x_wconf 84' lang='lat' dir='ltr'><strong>cuius</strong></span> <span class='ocrx_word' id='word_1_281' title='bbox 1524 2260 1636 2293; x_wconf 81' lang='lat' dir='ltr'><strong>filiam</strong></span> 
     </span>
     <span class='ocr_line' id='line_1_33' title="bbox 165 2307 1635 2353; baseline -0.001 -11"><span class='ocrx_word' id='word_1_282' title='bbox 165 2308 415 2342; x_wconf 76' lang='lat' dir='ltr'><strong>ardentissimo</strong></span> <span class='ocrx_word' id='word_1_283' title='bbox 442 2319 562 2341; x_wconf 84' lang='lat' dir='ltr'><strong>amore</strong></span> <span class='ocrx_word' id='word_1_284' title='bbox 595 2307 885 2353; x_wconf 82' lang='lat' dir='ltr'><strong>prosequebatur</strong></span> <span class='ocrx_word' id='word_1_285' title='bbox 921 2319 1000 2350; x_wconf 54' lang='grc' dir='ltr'><strong><em>ταῖς</em></strong></span> <span class='ocrx_word' id='word_1_286' title='bbox 1026 2314 1063 2341; x_wconf 86' lang='lat' dir='ltr'><strong>et</strong></span> <span class='ocrx_word' id='word_1_287' title='bbox 1091 2319 1299 2352; x_wconf 83' lang='lat' dir='ltr'><strong>congressus</strong></span> <span class='ocrx_word' id='word_1_288' title='bbox 1324 2318 1404 2340; x_wconf 86' lang='lat' dir='ltr'><strong>cum</strong></span> <span class='ocrx_word' id='word_1_289' title='bbox 1431 2319 1483 2346; x_wconf 80' lang='lat' dir='ltr'><strong>ea,</strong></span> <span class='ocrx_word' id='word_1_290' title='bbox 1514 2319 1635 2341; x_wconf 82' lang='lat' dir='ltr'><strong>amore</strong></span> 
     </span>
    </p>

    <p class='ocr_par' dir='ltr' id='par_1_4' title="bbox 22 2354 1634 2448">
     <span class='ocr_line' id='line_1_34' title="bbox 22 2354 1634 2402; baseline -0.001 -13"><span class='ocrx_word' id='word_1_291' title='bbox 22 2365 38 2371; x_wconf 83' lang='grc'>·</span> <span class='ocrx_word' id='word_1_292' title='bbox 165 2367 314 2397; x_wconf 72' lang='lat' dir='ltr'><strong>amens5</strong></span> <span class='ocrx_word' id='word_1_293' title='bbox 350 2356 565 2401; x_wconf 83' lang='lat' dir='ltr'><strong>propinquis</strong></span> <span class='ocrx_word' id='word_1_294' title='bbox 607 2355 790 2394; x_wconf 84' lang='lat' dir='ltr'><strong>mulieris,</strong></span> <span class='ocrx_word' id='word_1_295' title='bbox 836 2366 1073 2402; x_wconf 81' lang='lat' dir='ltr'><strong>quaecunque</strong></span> <span class='ocrx_word' id='word_1_296' title='bbox 1103 2356 1316 2401; x_wconf 82' lang='lat' dir='ltr'><strong>petiissent,</strong></span> <span class='ocrx_word' id='word_1_297' title='bbox 1356 2354 1634 2397; x_wconf 83' lang='lat' dir='ltr'><strong>gratificabatur.</strong></span> 
     </span>
     <span class='ocr_line' id='line_1_35' title="bbox 165 2402 1408 2448; baseline -0.002 -12"><span class='ocrx_word' id='word_1_298' title='bbox 165 2403 273 2437; x_wconf 78' lang='lat' dir='ltr'><strong>huius</strong></span> <span class='ocrx_word' id='word_1_299' title='bbox 299 2404 422 2448; x_wconf 85' lang='lat' dir='ltr'><strong>itaque</strong></span> <span class='ocrx_word' id='word_1_300' title='bbox 450 2403 546 2448; x_wconf 87' lang='lat' dir='ltr'><strong>patri</strong></span> <span class='ocrx_word' id='word_1_301' title='bbox 572 2402 826 2448; x_wconf 85' lang='lat' dir='ltr'><strong>obtemperans</strong></span> <span class='ocrx_word' id='word_1_302' title='bbox 853 2414 912 2435; x_wconf 84' lang='lat' dir='ltr'><strong>rex</strong></span> <span class='ocrx_word' id='word_1_303' title='bbox 941 2403 1096 2436; x_wconf 84' lang='lat' dir='ltr'><strong>Graecos</strong></span> <span class='ocrx_word' id='word_1_304' title='bbox 1122 2403 1267 2436; x_wconf 78' lang='lat' dir='ltr'><strong>mactari</strong></span> <span class='ocrx_word' id='word_1_305' title='bbox 1292 2402 1408 2435; x_wconf 88' lang='lat' dir='ltr'><strong>iussit.</strong></span> 
     </span>
    </p>
   </div>
   <div class='ocr_carea' id='block_1_4' title="bbox 165 2460 1632 2732">
    <p class='ocr_par' dir='ltr' id='par_1_5' title="bbox 165 2460 1632 2732">
     <span class='ocr_line' id='line_1_36' title="bbox 259 2460 1632 2507; baseline -0.001 -13"><span class='ocrx_word' id='word_1_306' title='bbox 259 2462 421 2506; x_wconf 81' lang='lat' dir='ltr'><strong>Apparet</strong></span> <span class='ocrx_word' id='word_1_307' title='bbox 444 2461 604 2504; x_wconf 78' lang='lat' dir='ltr'><strong>Byzantii</strong></span> <span class='ocrx_word' id='word_1_308' title='bbox 638 2460 787 2494; x_wconf 77' lang='lat' dir='ltr'><strong>exitium</strong></span> <span class='ocrx_word' id='word_1_309' title='bbox 822 2461 1030 2494; x_wconf 82' lang='lat' dir='ltr'><strong>miserabile</strong></span> <span class='ocrx_word' id='word_1_310' title='bbox 1065 2472 1252 2507; x_wconf 75' lang='lat' dir='ltr'><strong>superasse</strong></span> <span class='ocrx_word' id='word_1_311' title='bbox 1279 2461 1421 2499; x_wconf 79' lang='lat' dir='ltr'><strong>omnia,</strong></span> <span class='ocrx_word' id='word_1_312' title='bbox 1446 2471 1539 2506; x_wconf 83' lang='lat' dir='ltr'><strong>quae</strong></span> <span class='ocrx_word' id='word_1_313' title='bbox 1567 2472 1632 2505; x_wconf 80' lang='lat' dir='ltr'><strong>per</strong></span> 
     </span>
     <span class='ocr_line' id='line_1_37' title="bbox 166 2507 1630 2551; baseline -0.001 -9"><span class='ocrx_word' id='word_1_314' title='bbox 166 2509 372 2542; x_wconf 84' lang='lat' dir='ltr'><strong>universum</strong></span> <span class='ocrx_word' id='word_1_315' title='bbox 407 2507 530 2542; x_wconf 89' lang='lat' dir='ltr'><strong>orbem</strong></span> <span class='ocrx_word' id='word_1_316' title='bbox 569 2508 763 2551; x_wconf 75' lang='lat' dir='ltr'><strong>contigisse</strong></span> <span class='ocrx_word' id='word_1_317' title='bbox 798 2509 928 2541; x_wconf 87' lang='lat' dir='ltr'><strong>scimus</strong></span> <span class='ocrx_word' id='word_1_318' title='bbox 964 2509 1116 2541; x_wconf 80' lang='lat' dir='ltr'><strong>excidia.</strong></span> <span class='ocrx_word' id='word_1_319' title='bbox 1176 2519 1243 2541; x_wconf 80' lang='lat' dir='ltr'><strong>nec</strong></span> <span class='ocrx_word' id='word_1_320' title='bbox 1284 2507 1461 2540; x_wconf 87' lang='lat' dir='ltr'><strong>dissimile</strong></span> <span class='ocrx_word' id='word_1_321' title='bbox 1493 2513 1547 2540; x_wconf 85' lang='lat' dir='ltr'><strong>est</strong></span> <span class='ocrx_word' id='word_1_322' title='bbox 1571 2509 1630 2541; x_wconf 88' lang='lat' dir='ltr'><strong>llii</strong></span> 
     </span>
     <span class='ocr_line' id='line_1_38' title="bbox 166 2554 1629 2600; baseline -0.001 -11"><span class='ocrx_word' id='word_1_323' title='bbox 166 2555 322 2589; x_wconf 77' lang='lat' dir='ltr'><strong>excidio.</strong></span> <span class='ocrx_word' id='word_1_324' title='bbox 373 2555 548 2588; x_wconf 81' lang='lat' dir='ltr'><strong>ultionem</strong></span> <span class='ocrx_word' id='word_1_325' title='bbox 576 2555 633 2587; x_wconf 90' lang='lat' dir='ltr'><strong>llii</strong></span> <span class='ocrx_word' id='word_1_326' title='bbox 668 2554 777 2587; x_wconf 87' lang='lat' dir='ltr'><strong>diruti</strong></span> <span class='ocrx_word' id='word_1_327' title='bbox 802 2554 962 2598; x_wconf 79' lang='lat' dir='ltr'><strong>Byzantii</strong></span> <span class='ocrx_word' id='word_1_328' title='bbox 1003 2557 1246 2590; x_wconf 78' lang='lat' dir='ltr'><strong>calamitatem</strong></span> <span class='ocrx_word' id='word_1_329' title='bbox 1287 2554 1434 2600; x_wconf 85' lang='lat' dir='ltr'><strong>quidam</strong></span> <span class='ocrx_word' id='word_1_330' title='bbox 1467 2554 1629 2595; x_wconf 74' lang='lat' dir='ltr'><strong>credunt,</strong></span> 
     </span>
     <span class='ocr_line' id='line_1_39' title="bbox 165 2601 1628 2648; baseline -0.001 -12"><span class='ocrx_word' id='word_1_331' title='bbox 165 2603 312 2636; x_wconf 77' lang='lat' dir='ltr'><strong>Graecis</strong></span> <span class='ocrx_word' id='word_1_332' title='bbox 339 2601 568 2635; x_wconf 87' lang='lat' dir='ltr'><strong>barbarorum</strong></span> <span class='ocrx_word' id='word_1_333' title='bbox 597 2603 631 2635; x_wconf 85' lang='lat' dir='ltr'><strong>vi</strong></span> <span class='ocrx_word' id='word_1_334' title='bbox 660 2603 908 2646; x_wconf 79' lang='lat' dir='ltr'><strong>pereuntibus.</strong></span> <span class='ocrx_word' id='word_1_335' title='bbox 971 2604 1120 2636; x_wconf 74' lang='lat' dir='ltr'><strong>Romani</strong></span> <span class='ocrx_word' id='word_1_336' title='bbox 1149 2602 1294 2648; x_wconf 73' lang='lat' dir='ltr'><strong>quidem</strong></span> <span class='ocrx_word' id='word_1_337' title='bbox 1333 2607 1542 2635; x_wconf 82' lang='lat' dir='ltr'><strong>constanter</strong></span> <span class='ocrx_word' id='word_1_338' title='bbox 1569 2613 1628 2636; x_wconf 80' lang='lat' dir='ltr'><strong>as-</strong></span> 
     </span>
     <span class='ocr_line' id='line_1_40' title="bbox 165 2648 1628 2695; baseline 0 -12"><span class='ocrx_word' id='word_1_339' title='bbox 165 2656 330 2683; x_wconf 74' lang='lat' dir='ltr'><strong>severant</strong></span> <span class='ocrx_word' id='word_1_340' title='bbox 357 2649 536 2682; x_wconf 87' lang='lat' dir='ltr'><strong>ultionem</strong></span> <span class='ocrx_word' id='word_1_341' title='bbox 570 2648 851 2694; x_wconf 86' lang='lat' dir='ltr'><strong>apprehendisse</strong></span> <span class='ocrx_word' id='word_1_342' title='bbox 887 2651 1042 2684; x_wconf 80' lang='lat' dir='ltr'><strong>Graecos</strong></span> <span class='ocrx_word' id='word_1_343' title='bbox 1078 2655 1225 2695; x_wconf 85' lang='lat' dir='ltr'><strong>propter</strong></span> <span class='ocrx_word' id='word_1_344' title='bbox 1258 2660 1299 2681; x_wconf 81' lang='lat' dir='ltr'><strong>ea</strong></span> <span class='ocrx_word' id='word_1_345' title='bbox 1336 2660 1429 2694; x_wconf 86' lang='lat' dir='ltr'><strong>quae</strong></span> <span class='ocrx_word' id='word_1_346' title='bbox 1467 2648 1628 2683; x_wconf 81' lang='lat' dir='ltr'><strong>barbaris</strong></span> 
     </span>
     <span class='ocr_line' id='line_1_41' title="bbox 165 2694 761 2732; baseline -0.003 -2"><span class='ocrx_word' id='word_1_347' title='bbox 165 2697 331 2732; x_wconf 78' lang='lat' dir='ltr'><strong>fecerunt</strong></span> <span class='ocrx_word' id='word_1_348' title='bbox 359 2698 396 2729; x_wconf 88' lang='lat' dir='ltr'><strong>in</strong></span> <span class='ocrx_word' id='word_1_349' title='bbox 422 2697 477 2729; x_wconf 85' lang='lat' dir='ltr'><strong>Ilii</strong></span> <span class='ocrx_word' id='word_1_350' title='bbox 504 2694 761 2730; x_wconf 85' lang='lat' dir='ltr'><strong>destructione.</strong></span> 
     </span>
    </p>
   </div>
   <div class='ocr_carea' id='block_1_5' title="bbox 257 2754 1625 2801">
    <p class='ocr_par' dir='ltr' id='par_1_6' title="bbox 257 2754 1625 2801">
     <span class='ocr_line' id='line_1_42' title="bbox 257 2754 1625 2801; baseline 0 -12"><span class='ocrx_word' id='word_1_351' title='bbox 257 2756 353 2789; x_wconf 77' lang='lat' dir='ltr'><strong>Haec</strong></span> <span class='ocrx_word' id='word_1_352' title='bbox 378 2754 525 2800; x_wconf 86' lang='lat' dir='ltr'><strong>quidem</strong></span> <span class='ocrx_word' id='word_1_353' title='bbox 554 2754 736 2789; x_wconf 78' lang='lat' dir='ltr'><strong>hactenus.</strong></span> <span class='ocrx_word' id='word_1_354' title='bbox 768 2766 826 2788; x_wconf 81' lang='lat' dir='ltr'><strong>rex</strong></span> <span class='ocrx_word' id='word_1_355' title='bbox 858 2755 1036 2789; x_wconf 83' lang='lat' dir='ltr'><strong>Chatitem</strong></span> <span class='ocrx_word' id='word_1_356' title='bbox 1061 2754 1343 2788; x_wconf 53' lang='lat' dir='ltr'><strong>Priami‘filium</strong></span> <span class='ocrx_word' id='word_1_357' title='bbox 1367 2754 1625 2801; x_wconf 87' lang='lat' dir='ltr'><strong>comprehendi</strong></span> 
     </span>
    </p>
   </div>
   <div class='ocr_carea' id='block_1_6' title="bbox 62 2746 71 2750">
    <p class='ocr_par' dir='ltr' id='par_1_7' title="bbox 62 2746 71 2750">
     <span class='ocr_line' id='line_1_43' title="bbox 62 2746 71 2750; textangle 90"><span class='ocrx_word' id='word_1_358' title='bbox 62 2746 71 2750; x_wconf 77' lang='grc' dir='ltr'><strong><em>ι</em></strong></span> 
     </span>
    </p>
   </div>
  </div>
 </body>
</html>
