1774 3204
742 34 774 72 *¹2
809 36 818 63 v(

246 202 341 243 212
572 200 788 241 morum
822 169 1332 241 ‹EuALcocoNnYLAss

247 310 434 364 ἧσρχιος.
493 310 639 349 τοῦτον
665 307 744 348 σύν
766 311 927 356 πολλοῖς
954 305 1092 356 ἄλλοις
1124 305 1320 360 οἶγόμενος
1350 303 1371 346 ὅ
1394 307 1675 361 Πριάλουπας

201 377 305 422 Οείς
329 373 376 415 τὰ
409 374 535 414 οἰκεῖα
567 372 622 420 ὥς
651 370 891 424 α’νδροίποδοί
921 387 964 412 τε
994 377 1176 425 περιεῖπε
1205 370 1276 411 καί
1291 366 1402 424 εἶχεν
1427 373 1470 412 ἐν
1495 371 1673 426 φυλακῇ.

244 442 286 487 ἐς
305 437 353 480 τὰ
372 435 563 490 βασίλεια
591 438 811 488 διατρίβων
826 441 1011 488 κατεῖχεν
1029 436 1083 483 ὥς
1101 434 1328 489 χρημάτων
1345 438 1386 483 ἐς
1403 434 1500 484 τοὺς
1518 434 1675 488 προσή-

243 518 388 550 κοντας
414 503 588 549 ἐσαῦθις
618 501 914 552 ἀποδιδόμενος
933 534 943 553 ‚
971 497 1021 552 ἢν
1049 502 1224 541 αἰτοῖντο
1245 500 1410 547 αὐτούς.
1441 500 1466 553 ἦ
1497 502 1542 541 δὲ
1569 498 1673 553 γυνὴ

241 565 388 609 τούτου
418 564 473 613 ὥς
499 563 611 617 ἓοόρα
631 565 704 606 τὸν
724 567 901 617 νεανίαν,
929 564 1095 618 ἠράσθη
1115 579 1157 604 τε
1186 564 1337 604 αὐτοῦ·
1366 561 1416 617 ἦν
1442 563 1520 618 γὰρ
1543 565 1612 606 καὶ
1632 566 1706 613 ἐς5

241 627 390 679 ἄλλους
413 630 610 683 πρότερον
628 631 811 684 φοιτῶσα
833 630 922 683 [εἷς]
955 626 1109 682 ἄνδρας
1133 627 1205 669 καί
1219 629 1454 677 ἀκόλαστος.
1484 645 1675 682 συγγινο-

239 699 343 749 μένη
373 694 509 737 τοίνυν
537 696 592 750 τῷ
611 696 750 751 νεανίᾳ
766 726 776 744 ,
800 693 871 734 καί
898 696 1192 745 ἐπιμαινομένη
1226 695 1339 749 αὐτῷ
1361 694 1403 742 ἐς
1435 692 1506 733 τὸν
1524 692 1673 747 ἔρωτα,

240 763 479 802 συντίθεται
499 758 614 814 αὐτῷ
643 758 711 799 ἐπὶ
743 761 798 814 τῷ
817 759 939 810 α’νδρί
957 757 1191 811 ἐπιβουλήν.
1224 757 1295 798 καί
1311 760 1580 812 ἐξηγουμένης
1602 759 1674 810 τῆς

239 823 432 878 γυναικὸς
461 826 504 871 ἐς
530 822 605 876 τήν
634 823 786 876 κοίτην,
816 821 872 869 ὥς
900 821 1125 863 α’νεπαύετο
1146 822 1426 875 Πριάλουπας
1447 820 1468 861 ὃ
1499 821 1672 875 ἡγεμών,

242 891 377 930 α’νεῖλέ
393 904 435 930 τε
466 887 588 930 αὐτὸν
609 884 697 940 ἅμα
718 886 796 928 σὺν
821 889 872 943 τῇ
897 889 1072 940 γυναικί.
1107 890 1179 927 καί
1204 884 1293 937 ἅμα
1313 889 1576 939 συγκατίσχει
1597 885 1671 940 την
1687 898 1728 931 10

241 955 465 1008 ἡγεμονίαν
493 954 619 1009 αὐτῷ.
660 951 801 1005 ἐπειδὴ
826 951 1105 1005 ἐτυράννευεν,
1138 952 1276 992 οὐδενὶ
1301 954 1382 992 τῶν
1410 949 1453 992 ἐν
1480 953 1532 1006 τῇ
1556 950 1673 992 πόλει

110 1037 143 1068 ρ,
163 1035 229 1068 113
243 1020 331 1060 ἀλλ’
362 1020 404 1058 ἐν
432 1017 481 1070 τῆ
504 1019 671 1069 γυναικί
695 1015 975 1070 ἀρεσκόμενος.
1008 1015 1033 1068 ἡ
1060 1018 1202 1068 μέντοι
1231 1018 1322 1070 δι’κη
1357 1017 1431 1057 τὸν
1459 1014 1672 1068 Πριαλού-

241 1100 319 1137 πην
351 1083 427 1123 οὐκ
461 1083 519 1129 εἰς
547 1081 713 1135 μακροὶν
756 1084 956 1132 κατέλαβε
995 1079 1064 1120 τὸν
1095 1082 1224 1121 παῖδα
1254 1081 1385 1122 αὐτοῦ
1412 1080 1492 1121 α’πὸ
1521 1082 1673 1134 ταύτης

240 1147 290 1202 δὴ
325 1150 395 1200 τῆς
421 1146 615 1201 γυναικὸς
643 1146 860 1198 γενόμενον
880 1146 1011 1200 αὐτῷ·
1067 1148 1208 1186 τοῦτον
1235 1146 1314 1199 γάρ
1333 1160 1409 1196 τοι,
1440 1146 1496 1194 ὥς
1523 1145 1672 1200 ἐφοίτα

238 1212 351 1265 παρὰ
382 1215 555 1265 βασιλέα
586 1213 748 1251 Μωσέα
781 1211 1023 1261 αἰτούμενος
1059 1212 1300 1262 συμμαχίαν
1334 1225 1376 1251 τε
1406 1211 1478 1250 καί
1505 1211 1670 1250 ἐπικου·
1687 1217 1728 1250 15

241 1282 336 1331 ριάν
365 1278 434 1318 ἐπὶ
464 1275 687 1329 Κοίρουλον
713 1274 782 1316 τὸν
809 1273 900 1315 τότε
941 1274 991 1326 δὴ
1020 1276 1290 1328 Ἀκαρνανίας
1318 1273 1540 1328 τύραννον,
1569 1267 1673 1314 συλ-

240 1341 379 1394 λαβών
405 1339 508 1382 ὥστε
541 1340 613 1394 την
637 1340 783 1392 χώραν
812 1340 946 1379 across
971 1344 1207 1392 κατασχεῖν,
1237 1340 1404 1392 ἐξέκοψε
1431 1338 1488 1379 τώ
1511 1339 1673 1393 ὀφθαλ-

239 1407 319 1460 μώ.
375 1405 450 1459 τήν
491 1407 628 1456 μέντοι
653 1405 798 1457 χώραν
830 1405 967 1450 ου’δείς
994 1405 1296 1456 κατεστρέψατο
1338 1405 1412 1456 τῆς
1438 1401 1674 1444 Ἰωαννίνων

241 1471 410 1518 πόλεως.
466 1471 696 1523 ἐπαγομένη
724 1470 869 1510 τοῦτον
897 1467 945 1520 δν)
978 1467 1050 1509 τὸν
1082 1468 1304 1520 Κάρουλον
1330 1466 1400 1509 ἐπὶ
1424 1469 1568 1522 σφίσιν
1594 1462 1671 1519 ἅρ-

130 1552 380 1590 ν,89χοντα,
408 1537 479 1576 καί
495 1537 847 1587 ἐπιτετραμμένον
877 1534 990 1589 αι’τῷ
1021 1534 1176 1574 διέπειν
1202 1532 1250 1574 τοὶ
1281 1535 1352 1586 τῆς
1383 1533 1540 1580 πόλεως
1565 1533 1670 1586 πρά·
1684 1538 1730 1572 20

243 1617 395 1655 γματα,
422 1602 493 1641 καί
520 1600 792 1652 οἷντεχομένου
822 1600 864 1646 ἐς
905 1599 974 1638 τὸν
1005 1598 1183 1649 πόλεμον
1211 1597 1422 1652 κράτιστα.
1481 1597 1506 1651 ἦ
1535 1598 1674 1648 μέντοι

339 1720 392 1752 11.
418 1719 568 1798 ignara?
699 1718 753 1751 12.
779 1715 831 1763 ἐν]
858 1715 905 1759 ἢῗ
1035 1716 1102 1750 τοῦ
1127 1716 1375 1762 Πριαλούπηῗ
1505 1717 1560 1750 15.
1584 1718 1676 1751 Μω-

338 1771 398 1800 σεῖ

248 1878 325 1906 erat
350 1872 498 1909 liberali,
530 1875 566 1902 et
594 1874 766 1913 quantum
793 1868 837 1900 ad
861 1879 976 1900 mores
1004 1868 1145 1907 attinet,
1173 1878 1305 1912 aequus
1330 1873 1366 1900 et
1382 1868 1554 1912 placidus.
1582 1868 1676 1901 hunc

247 1931 324 1951 cum
353 1918 513 1962 plurimis
537 1916 615 1948 aliis
650 1916 826 1958 captivum
851 1914 992 1946 trahens
1030 1914 1208 1957 Prialupas
1239 1913 1380 1947 domum
1405 1921 1447 1948 ut
1467 1915 1676 1960 mancipium

246 1965 433 2004 tractavit3
458 1972 590 2007 eosque
618 1962 654 1994 in
676 1960 833 1993 custodia
860 1960 1059 1999 asservavit,
1095 1965 1249 1992 moratus
1274 1962 1311 1992 in
1334 1961 1441 2003 regia,
1471 1962 1591 1994 volens
1618 1971 1678 1993 eos

246 2010 456 2056 propinquis
499 2009 684 2040 restituere
723 2012 867 2050 accepta
906 2006 1066 2050 pecunia,
1102 2006 1130 2037 si
1155 2007 1318 2038 venirent
1336 2018 1417 2039 suos
1443 2007 1676 2052 redemptum.

248 2069 336 2089 uxor
359 2056 543 2098 Prialupae
583 2053 846 2085 adolescentem
881 2054 992 2084 visum
1025 2062 1138 2083 amare
1173 2053 1302 2095 coepit.
1353 2054 1543 2086 eratenim
1575 2053 1677 2085 istius

248 2102 406 2135 mulieris
431 2100 612 2143 ingenium
641 2104 690 2138 ut,
715 2099 918 2142 priusquam
939 2103 1131 2141 peteretur,
1155 2103 1294 2141 peteret
1310 2098 1411 2136 viros,
1435 2109 1518 2142 prae
1545 2099 1676 2130 intem-

249 2148 410 2194 perantia
445 2147 499 2178 cui
528 2145 683 2178 obnoxia
720 2149 805 2176 erat.
868 2155 943 2175 cum
991 2144 1096 2185 igitur
1130 2143 1241 2186 stupri
1280 2143 1572 2176 consuetudinem
1599 2155 1677 2176 cum

250 2194 475 2227 adolescente
493 2191 686 2230 habuisset,
712 2201 829 2221 amore
847 2189 972 2221 ardens
988 2195 1024 2221 et
1038 2189 1156 2220 furens
1177 2200 1253 2220 cum
1278 2189 1505 2222 adolescente
1533 2190 1677 2222 insidias

250 2241 374 2273 marito
407 2239 587 2271 subornat.
637 2236 764 2267 mulier
799 2234 1058 2267 adolescentem
1086 2233 1181 2266 ducit
1218 2235 1252 2265 in
1287 2234 1509 2275 cubiculum,
1544 2236 1581 2267 in
1607 2247 1677 2280 quo

252 2287 432 2332 quiescere
461 2284 586 2316 solitus
614 2287 689 2314 erat
716 2281 894 2325 Prialupas
920 2280 1010 2322 dux3
1050 2279 1172 2324 ibique
1201 2279 1389 2313 adiuvante
1415 2281 1677 2314 adolescentem

251 2333 398 2364 muliere
423 2330 601 2373 Prialupas
627 2328 759 2360 occisus
785 2332 853 2366 est,
886 2331 921 2358 et
946 2327 1020 2370 ipse
1057 2325 1100 2356 ad
1125 2326 1264 2369 imperii
1289 2326 1526 2369 gubernacula
1553 2339 1678 2360 ascen-

253 2379 317 2410 dit.
368 2388 444 2409 cum
473 2381 590 2408 autem
622 2373 691 2406 sibi
731 2371 951 2414 tyrannidem
991 2370 1035 2402 ad
1074 2382 1152 2402 eum
1181 2371 1322 2404 modum
1348 2379 1518 2417 parasset,
1545 2374 1679 2406 nemini

251 2424 319 2457 nisi
356 2423 498 2455 mulieri
536 2420 605 2454 soli
638 2418 814 2463 placebat.
873 2423 909 2450 at
946 2418 1035 2450 ultio
1072 2415 1167 2448 haud
1204 2418 1314 2450 multo
1348 2425 1430 2463 post
1462 2425 1582 2452 secuta
1612 2425 1677 2452 est.

252 2469 434 2512 Prialupas
460 2468 576 2506 enim,
604 2466 666 2510 qui
693 2465 787 2497 filius
827 2463 902 2495 eius
927 2468 1023 2502 erat,
1047 2464 1157 2506 patris
1191 2474 1319 2496 nomen
1346 2475 1480 2508 gerens,
1507 2471 1609 2498 natus
1636 2476 1679 2497 ex

251 2517 319 2548 ista
345 2525 464 2552 uxore,
489 2523 566 2546 cum
591 2515 796 2556 properaret
820 2509 864 2541 ad
886 2519 1000 2552 regem
1020 2508 1154 2540 Mosem
1179 2515 1303 2552 petens
1321 2511 1492 2543 auxilium
1517 2517 1553 2543 et
1575 2522 1678 2556 prae-

252 2562 380 2594 sidium
419 2565 539 2592 contra
573 2557 736 2590 carolum
769 2556 980 2588 Acarnaniae
1015 2555 1229 2598 principem,
1273 2561 1312 2588 ut
1341 2567 1415 2588 eam
1441 2557 1616 2600 regionem
1641 2557 1679 2589 in

251 2611 462 2651 potestatem
489 2604 674 2647 redigeret,
702 2607 824 2646 captus
850 2606 913 2639 est,
943 2600 1110 2644 oculique
1142 2601 1216 2632 eius
1243 2603 1334 2634 eruti
1358 2607 1451 2635 sunt.
1500 2603 1678 2645 regionem

252 2653 350 2684 urbis
375 2651 599 2684 Ioanniorum
640 2659 745 2681 nemo
777 2647 928 2689 subegit.
987 2647 1092 2690 petiit
1120 2646 1211 2678 enim
1245 2647 1405 2680 Carolum
1443 2648 1512 2681 sibi
1536 2648 1678 2689 ducem

252 2699 308 2731 cui
335 2697 395 2730 ubi
424 2698 574 2742 primum
599 2695 696 2728 urbis
722 2692 979 2727 administratio
1004 2698 1055 2726 est
1075 2692 1268 2734 commissa,
1295 2693 1429 2727 bellum
1453 2694 1591 2728 sortiter
1614 2693 1678 2727 ad·
