1858 3210
536 201 609 240 DE
649 200 821 240 REBUS
860 197 1116 240 TURClCIS
1141 198 1187 238 L.
1217 200 1269 238 V.
1557 188 1653 234 275

190 297 324 356 διήκει
362 299 434 342 ἐπὶ
464 297 650 341 ω’κεανὸν
676 297 724 340 τὸ
751 296 856 352 πρὸς
887 295 1093 352 ἑσπέραν,
1130 298 1177 339 τὸ
1208 298 1255 339 δὲ
1282 293 1388 351 πρὸς
1415 294 1472 337 ἕω
1503 291 1660 347 Ναβά-

190 381 244 424 ρῃ
272 381 316 408 τε
345 364 419 408 καί
443 365 647 422 Γαλατίᾳ,
673 368 747 406 καί
773 363 820 405 ‘to'
866 361 973 419 πρὸς
1004 365 1275 418 μεσημβρίαν
1301 363 1355 420 τῇ
1383 363 1658 415 Πορτουγαλ-
1676 364 1707 398 D

188 433 272 490 λίᾳ,
302 429 397 487 ἥτις
443 433 653 487 παράλιος
692 427 801 473 οὖσα
836 429 960 484 χώρα
1012 427 1084 471 ἒπί
1113 431 1188 471 τοῦ
1233 429 1423 470 ω’κεανοῦ
1452 427 1524 470 ἐπὶ
1551 425 1658 468 noh)

189 495 348 553 διήκει,
388 499 462 540 καί
500 500 554 554 τῇ
581 500 664 539 τῶν
692 498 872 550 Λιβύων
913 497 986 551 τῆς
1018 493 1235 550 Γρανοέτης
1263 493 1409 552 χώρᾳ·
1469 491 1585 541 ἐντὸς
1612 493 1660 533 δὲ

155 565 280 607 ὅέστι
324 564 371 607 τὸ
421 566 496 607 τοῦ
531 562 730 617 Ἰακώβου
770 561 898 618 ἱερόν.
976 564 1304 618 Πορτουγαλλιά
1345 562 1553 614 δεχομένη
1587 560 1661 614 τῆς

188 632 368 686 Ἰβηρίας
400 632 532 685 διήκει
562 628 635 672 ὲπί
662 629 737 684 τὴν
767 628 886 677 ε’ντὸς
915 627 1138 670 θάλασσαν
1157 630 1234 669 τοῦ
1258 628 1460 682 πορθμοῦ
1491 625 1560 667 ἐπὶ
1586 624 1663 680 την

189 697 266 751 τῆς
299 695 522 751 Γρανάτης
560 695 722 750 χώραν.
794 698 868 750 τῆς
907 697 954 737 δὲ
995 695 1180 749 Ἰβηρίας
1206 693 1365 747 χώρας,
1395 694 1595 747 μεγίστης
1620 706 1667 732 τε

193 759 324 819 οὔσης
350 763 423 805 καί
454 763 720 815 εὐδαίμονος,
756 761 899 810 πόλεις
928 762 1048 812 εἰσίν,
1078 762 1123 801 ἐν
1149 756 1217 808 αἶς
1245 760 1298 801 τὰ
1326 760 1537 814 βασίλεια,
1566 756 1594 813 ἥ
1623 773 1668 798 τε

193 828 415 885 Διβὴληνα
446 830 696 883 καλουμένη,
723 827 884 883 μεγάλη
904 843 948 869 τε
975 829 1050 869 καί
1077 826 1428 881 πολυάνθρωπος,
1459 824 1533 866 καί
1552 827 1670 879 Κορ-

138 899 182 934 10
197 895 306 950 δύβη
354 896 558 950 Μορσίκη
596 897 669 936 καί
709 893 755 936 τὸ
798 892 1024 948 λεγόμενον
1057 894 1239 935 Τολὲδον
1285 893 1360 934 καί
1396 889 1668 944 Σαλαμάγκη.

195 961 269 1003 καί
297 959 413 1016 ἱερὸν
444 962 490 1003 δὲ
522 963 597 1003 τοῦ
624 960 829 1014 Ἰακώβου
863 962 907 1001 ἐν
944 957 1073 1016 ταύτῃ
1106 961 1159 1015 τῇ
1186 958 1308 1016 χώρᾳ
1338 960 1430 1000 ἐστι’
1454 957 1571 1012 παρὰ
1598 955 1669 998 τὸν

195 1027 378 1069 ω’κεανὸν
419 1029 491 1069 καί
532 1027 607 1082 τὴν
641 1026 760 1076 ἐκτὸς
796 1024 1038 1068 θάλασσαν.
1113 1024 1248 1079 διήκει
1277 1026 1324 1066 δὲ
1355 1024 1430 1066 καί
1460 1023 1569 1079 πρὸς
1596 1023 1671 1077 τὴν

195 1092 317 1142 ἐντὸς
349 1092 574 1135 θάλασσαν
601 1094 625 1148 ἦ
655 1094 729 1135 τοῦ
759 1095 929 1147 Ἰβήρων
949 1094 1157 1144 βασιλέως
1186 1091 1327 1146 χώρα.
1388 1094 1670 1145 Πορτουγαλ-
1685 1099 1800 1134 P.146

195 1161 266 1201 λιά
298 1160 345 1200 δὲ
388 1161 562 1201 οἰκεῖται
602 1158 710 1214 πρὸς
740 1162 796 1216 τῷ
825 1161 1032 1216 πορθμῷ,
1064 1157 1146 1199 dud
1189 1155 1414 1211 Γρανάτης
1442 1157 1672 1210 ἄρξαμένη,

138 1231 182 1265 15
197 1226 274 1268 ἐπί
289 1240 333 1267 τε
360 1224 433 1267 τὸν
462 1225 658 1279 πορθμὸν
691 1227 764 1267 καί
793 1228 870 1278 τήν
912 1224 1028 1273 ἐκτὸς
1058 1222 1285 1266 θάλασσαν
1315 1220 1445 1278 ἄχρις
1478 1225 1672 1278 Ἰβηρίας.

193 1288 393 1347 Γρανάτη
431 1293 477 1333 δὲ
518 1291 542 1346 ἦ
571 1290 725 1345 χώρα,
753 1289 981 1345 μεσόγαιος
1011 1285 1146 1342 οὖσα,
1178 1290 1250 1332 ἐπὶ
1282 1291 1359 1345 τήν
1382 1290 1569 1345 Ἰβηρίαν
1602 1291 1677 1329 καί

194 1359 410 1399 Γαλατίαν
459 1359 758 1412 διατείνουσα,
789 1358 844 1398 ου’
882 1357 993 1399 πάνυ
1033 1374 1074 1399 τι
1123 1353 1220 1399 οὔτε
1257 1359 1308 1413 τῇ
1339 1355 1459 1405 ἐντὸς
1487 1355 1673 1413 θαλάττῃ

195 1419 292 1465 οὔτε
322 1428 379 1479 τῷ
410 1424 580 1480 ω’κεανῷ
599 1426 881 1478 προσχρῆται.
942 1424 963 1464 ὃ
985 1426 1127 1476 μέντοι
1151 1421 1338 1478 Ἰβηρίας
1363 1421 1567 1474 βασιλεῦς
1596 1424 1678 1476 με’-

192 1506 332 1546 γιστον
361 1491 540 1533 δύναται
569 1493 701 1533 τῶνδε
730 1494 811 1532 τῶν
843 1493 1028 1544 χωρῶν,
1058 1491 1129 1532 καί
1160 1491 1275 1532 οἴκου
1311 1485 1368 1531 ὢν
1404 1492 1481 1532 τοῦ
1518 1491 1677 1545 Ἀλμη..

137 1558 286 1602 20v1'ov
315 1559 390 1612 τῆς
407 1558 634 1613 Γαλατίας,
663 1558 745 1599 τῶν
760 1557 939 1610 Λιβύων
955 1557 1028 1611 τὴν
1055 1559 1130 1612 τῆς
1146 1555 1369 1612 Γρανάτης
1385 1554 1534 1610 χώραν
1563 1552 1678 1610 ἄγων

194 1626 268 1665 καί
286 1627 442 1680 φέρων,
468 1623 517 1666 οὖ
542 1626 719 1666 παύεται
747 1625 1028 1676 διαπολεμῶν.
1081 1626 1153 1664 καί
1172 1623 1306 1678 φόρον
1347 1626 1428 1675 μὲν
1461 1624 1615 1678 α’πάγει
1654 1621 1676 1664 ὅ

195 1691 272 1745 τῆς
299 1689 522 1745 Γρανάτης
562 1692 744 1744 Λιβύων
774 1691 975 1743 βασιλεὺς
1010 1693 1067 1747 τῷ
1107 1689 1287 1744 Ἰβήρων
1324 1693 1514 1742 βασιλεῖ’,
1555 1688 1678 1731 ὁπότε

197 1758 438 1799 σπένδοιτο·
466 1755 667 1806 πολλάκις
697 1759 743 1800 δὲ
776 1755 1019 1798 ἐπελαύνων
1050 1759 1269 1811 πολιορκεῖ
1288 1772 1333 1797 τε
1363 1757 1438 1811 τήν
1465 1756 1588 1798 πόλιν
1607 1759 1715 1798 καίΒ

202 1919 370 1952 excurrit.
420 1919 464 1952 ab
502 1919 651 1954 Oriente
678 1919 871 1952 Navarram
911 1924 947 1952 et
974 1919 1130 1952 Galliam
1164 1917 1288 1951 habet.
1340 1929 1461 1951 versus
1487 1918 1674 1952 meridiem

201 1965 379 2012 panditur
405 1966 444 2000 in
469 1968 765 2011 Tui-tugannam‚
803 1977 896 2012 quae
922 1966 1100 1999 maritima
1141 1966 1238 2010 regio
1271 1970 1324 1998 est
1351 1971 1388 1998 et
1415 1965 1461 1998 ad
1489 1965 1675 1999 Oceanum

202 2023 241 2046 se
266 2012 453 2056 extendit3
483 2015 592 2047 etiam
619 2015 766 2058 regione
793 2015 964 2053 Granata,
989 2024 1081 2059 quae
1104 2012 1171 2045 sub
1198 2014 1400 2046 Poenorum
1424 2014 1501 2046 sive
1526 2014 1676 2046 Mauro-

203 2071 280 2093 rum
305 2060 456 2104 imperio
494 2068 571 2102 est,
602 2062 831 2095 terminatur.
887 2062 982 2094 intra
1021 2060 1115 2093 hanc
1139 2059 1263 2093 Iacobi
1299 2061 1506 2105 sepulcrum
1530 2060 1671 2093 visitur.

202 2106 288 2140 hinc
322 2108 528 2152 Portugalia
569 2109 667 2153 regio
709 2109 903 2154 Hispaniae
936 2107 1055 2148 subit,
1095 2118 1190 2153 quae
1223 2118 1261 2140 se
1296 2107 1463 2141 extendit
1487 2107 1533 2140 ad
1562 2118 1672 2147 mare,

202 2153 302 2200 quod
327 2154 422 2188 intra
445 2156 635 2189 traiectum
662 2162 728 2196 est,
756 2167 829 2201 quo
855 2157 998 2188 venitur
1023 2154 1068 2187 ad
1085 2155 1278 2188 Granatam
1306 2156 1501 2199 regionem,
1551 2154 1673 2187 Iberia

202 2212 281 2234 cum
309 2203 406 2246 regio
431 2203 478 2235 sil:
503 2205 656 2236 maxima
682 2210 718 2236 et
743 2203 931 2242 ditissima,
959 2201 1067 2235 urbes
1094 2201 1204 2235 habet
1232 2202 1356 2246 regias,
1382 2202 1583 2235 Dibitinam
1609 2213 1674 2234 ur-

202 2247 284 2281 bem
312 2259 475 2294 magnam
506 2256 542 2283 et
565 2251 794 2297 populosam,
820 2249 1042 2290 Cordubam,
1068 2249 1271 2289 Mon-sicam,
1299 2260 1442 2282 necnon
1467 2248 1608 2282 Ludum
1635 2253 1673 2281 et

203 2296 458 2330 Salamancam.
508 2299 615 2330 etiam
643 2298 846 2342 sepulcrum
883 2297 1004 2330 iacobi
1031 2298 1068 2329 in
1101 2307 1141 2329 ea
1169 2297 1325 2340 regione,
1355 2297 1454 2328 iuxta
1485 2295 1670 2328 Oceanum

204 2348 241 2376 et
274 2354 373 2376 mare
398 2350 608 2386 externum,
634 2345 777 2378 celebre
813 2350 877 2378 est.
938 2344 982 2377 ad
1023 2355 1119 2377 mare
1156 2355 1239 2376 vero
1274 2344 1454 2375 internum
1483 2342 1670 2375 Iber-orum

203 2400 352 2435 quoque
388 2393 477 2435 regis
505 2397 599 2425 terra
626 2393 833 2437 porrigitur.
882 2392 1087 2435 portugalia
1123 2391 1190 2423 sita
1217 2396 1271 2423 est
1295 2391 1392 2422 iuxta
1417 2390 1622 2430 traiectum,
1650 2400 1670 2422 a

203 2437 361 2470 Granata
390 2438 565 2483 incipiens
583 2464 593 2480 ,
631 2450 743 2484 usque
775 2439 820 2472 ad
848 2440 1038 2472 traiectum
1068 2443 1106 2471 et
1130 2439 1312 2471 internum
1339 2448 1435 2469 mare
1464 2448 1670 2477 excurrens,

202 2484 320 2528 vergit
344 2485 380 2517 in
405 2484 570 2519 Iberiam.
621 2487 793 2527 Granata,
821 2497 914 2532 quae
940 2486 1037 2529 regio
1064 2484 1326 2518 mediterranea
1355 2489 1420 2523 est,
1448 2484 1485 2515 in
1515 2483 1671 2517 Iberiam

205 2537 243 2564 et
268 2531 424 2565 Galliam
449 2534 652 2576 procurrit,
690 2545 757 2566 nec
796 2534 948 2566 multum
987 2533 1044 2565 vel
1076 2533 1219 2564 interno
1258 2532 1315 2563 vel
1342 2536 1490 2563 externo
1522 2530 1669 2564 Oceano

202 2578 329 2611 utitur.
379 2579 564 2612 lberorum
605 2591 664 2614 rex
699 2582 736 2614 in
772 2581 850 2613 istis
885 2580 1026 2613 duabus
1067 2578 1275 2623 regionibus
1304 2578 1498 2622 plurimum
1523 2583 1668 2622 potest;

204 2626 269 2670 qui
305 2636 384 2658 cum
424 2626 471 2659 sit
507 2632 605 2660 ortus
637 2628 682 2660 de
719 2628 852 2660 familia
879 2628 1033 2660 Almenii
1066 2626 1230 2666 Galliae,
1266 2625 1446 2658 Granatae
1474 2625 1670 2668 regionem,

205 2683 299 2718 quae
330 2673 528 2706 Poenorum
563 2679 639 2715 est,
678 2675 797 2709 ferens
833 2681 943 2720 atque
969 2685 1075 2718 agens
1101 2672 1196 2705 haud
1230 2677 1345 2704 cessat
1370 2671 1506 2705 bellum
1534 2682 1668 2716 gerere.

205 2729 268 2752 rex
294 2719 508 2759 Poenorum,
536 2721 738 2754 Granatanr
758 2723 821 2768 qui
848 2723 960 2765 regit,
986 2720 1048 2752 ubi
1073 2731 1142 2766 pax
1169 2718 1366 2764 composita
1393 2719 1514 2759 fuerit,
1541 2719 1670 2752 lbero-

207 2777 280 2799 rum
307 2768 380 2812 regi
408 2767 583 2800 tributum
609 2768 758 2813 pendit3
793 2770 855 2814 qui
880 2767 1060 2802 interdum
1091 2777 1278 2799 accurrens
1309 2765 1432 2799 urbem
1461 2765 1606 2800 obsidet
1631 2772 1669 2800 et
