1800 3172
248 184 310 231 94
601 189 818 232 LAONICI
853 190 1365 233 CHALCOCONDYLAE

247 285 355 344 ὄλβῳ
385 303 428 329 τε
459 289 531 328 καί
554 290 601 344 τῇ
632 283 734 343 ἄλλῃ
763 290 1004 346 εὐδαιμονία
1035 289 1232 340 οὐδεμιᾶς
1262 290 1343 328 τῶν
1371 287 1471 341 πρὸς
1498 286 1676 340 ἑσπέραν

210 355 486 407 Βλειπομένη,
517 348 667 407 οἷνδρίᾳ
702 368 747 394 τε
775 353 846 393 καί
870 355 921 408 τῇ
950 355 991 402 ές
1036 351 1133 401 τοὺς
1163 354 1368 404 πολέμους
1391 354 1527 408 α’ρετῇ
1557 353 1675 404 α’μεί·

247 434 328 458 νων
361 420 443 458 τῶν
479 417 798 470 περιοικούντων
838 421 908 458 καί
944 420 1102 458 πολλῶν
1142 412 1278 457 ἄλλων
1316 418 1396 458 τῶν
1433 415 1534 469 πρὸς
1564 413 1677 470 ἥλιον

247 481 437 522 δύνοντα.
493 479 647 529 4ὅπλοις
691 484 736 523 δὲ
760 484 943 535 χρῶνται
971 485 1139 535 θυρεοῖς
1165 484 1242 532 μὲν
1268 481 1490 529 Ἰταλικοῖς
1517 480 1589 521 καί
1615 482 1674 529 ξί-

139 548 173 580 V·
188 547 233 580 39
249 562 371 600 φεσιν
394 544 661 601 Ἑλληνικοῖς,
705 545 837 596 τόξοις
867 549 912 587 δὲ
937 551 1135 599 μακροῖς,
1169 541 1277 586 ὥστε
1305 549 1378 586 καί
1405 544 1607 593 ἱστῶντας
1633 546 1709 592 ἐςῦ

245 610 320 665 τήν
355 613 432 666 γῆν
463 610 617 659 αὐτούς
645 611 838 662 τοξεύειν.
903 609 1091 662 ποταμὸς
1133 611 1179 651 δὲ
1218 615 1317 664 παρ’
1357 609 1484 664 αὐτήν
1518 624 1564 663 γε
1599 608 1677 663 τήν

244 674 364 717 πόλιν
405 675 529 731 ῥέων,
558 677 745 731 σφοδρός
770 691 810 717 τε
849 676 920 717 καί
946 678 1099 728 μέγας,
1143 676 1183 723 ἐς
1220 675 1293 716 τὸν
1334 674 1439 727 πρός
1466 677 1677 716 Γαλατίαν

245 740 423 782 ω’κεανόν
471 742 650 792 ἐκδιδοῖ,
690 740 772 782 α’πὸ
809 743 881 794 τῆς
918 741 1074 789 πόλεως
1113 742 1155 788 ές
1181 741 1375 787 σταδίους
1411 741 1510 780 δέκα
1537 753 1581 780 τε
1605 741 1678 779 καί

246 807 480 855 διακοσίους
510 805 579 846 ἐπὶ
593 805 823 857 θάλασσαν,
853 806 924 846 καί
949 806 1192 861 πλημμυρίᾳ
1211 806 1449 858 α’ναβαίνειν
1468 803 1543 853 τὰς
1573 806 1676 852 ναῦς

245 871 427 918 εὐπετῶς
469 870 575 911 πάνυ
616 870 686 911 ἐπὶ
721 871 796 923 τήν
836 869 978 911 πόλιν·
1045 869 1118 911 καί
1154 873 1294 918 μέντοι
1337 871 1579 924 ἐπιστρέφει
1623 867 1732 911 ullo
1766 892 1768 894 ·

245 933 377 977 ὕδατα
405 933 454 976 τὰ
485 933 662 988 ἔμπαλιν
687 935 895 988 γινόμενα,
922 938 1115 989 χαλεπῶς
1143 938 1213 977 έπί
1239 936 1289 977 τὰ
1319 933 1510 990 ῥεύματα
1537 933 1675 976 ἀνιόν-

243 1018 308 1053 τα,
342 999 600 1042 α’ντικόπτειν
629 1001 699 1040 έπί
726 999 801 1054 τήν
829 999 949 1041 πόλιν
976 998 1104 1044 ἰόντα.
1173 1001 1277 1042 κατὰ
1307 1002 1446 1052 μέντοι
1472 996 1673 1052 ἄμπωτιν,

204 1064 286 1108 (ἶέν
309 1081 353 1106 τε
381 1067 430 1122 τῇ
458 1067 646 1121 παραλίῳ
661 1063 781 1122 χώρᾳ
799 1068 870 1118 τῆς
887 1068 927 1107 Γ
924 1069 1110 1119 εγευτιάς
1137 1068 1209 1107 καί
1227 1065 1271 1107 ἐν
1301 1065 1405 1121 αὐτῇ
1422 1067 1472 1121 τῇ
1491 1066 1614 1123 νήσῳ,
1632 1067 1675 1114 ἐς

240 1127 426 1183 ἄμπωτιν
454 1133 675 1182 γινομένων
704 1132 786 1171 τῶν
813 1131 978 1171 ὑδάτων
1003 1129 1078 1178 τὰς
1104 1132 1205 1179 ναῦς
1222 1128 1292 1171 ἐπὶ
1320 1129 1448 1183 ξηρὰν
1471 1133 1672 1186 γίνεσθαι,

240 1193 543 1248 περιμενούσας
579 1195 621 1243 ἐς
662 1191 685 1234 ὃ
712 1192 1074 1248 ἆναπλημμυρίζει
1105 1191 1229 1243 αὖθις
1254 1194 1300 1237 ui
1329 1194 1480 1236 ὕδατα.
1535 1198 1671 1250 πλημ·
1686 1199 1728 1233 15

238 1265 370 1312 μυρεΐ
393 1261 439 1300 δὲ
464 1258 506 1307 ές
531 1258 578 1300 τὸ
607 1261 800 1312 μέγιστον
827 1260 896 1301 ἐπὶ
922 1257 1072 1313 πήχεις
1098 1259 1338 1312 βασιλικούς
1365 1259 1671 1316 πεντεκαίδεκα,

238 1323 515 1378 τούλάχιστον
540 1326 586 1366 δὲ
614 1323 684 1366 ἐπὶ
709 1323 866 1366 ἕνδεκα.
899 1324 1043 1373 νυκτὸς
1071 1327 1147 1378 μὲν
1173 1321 1247 1366 οὖν
1266 1326 1338 1366 καί
1356 1325 1515 1381 ἡμέρας
1541 1326 1671 1380 α’πορ-

237 1391 380 1442 ρέοντα
410 1393 662 1444 ,πλημμυρεῖ
683 1385 812 1437 αὖθις
850 1388 1084 1432 ἐπανιόντα.
1138 1388 1309 1445 σελήνης
1341 1391 1387 1432 δὲ
1415 1388 1515 1432 κατά
1544 1393 1672 1443 μέσον

238 1452 418 1507 οὐρανὸν
444 1457 705 1508 γιγνομένης,
733 1452 826 1496 ἔστε
868 1455 939 1496 τὸν
966 1457 1062 1497 καθ’
1091 1455 1200 1509 ἡμᾶς
1225 1455 1298 1496 καί
1320 1457 1362 1503 ἐς
1387 1455 1462 1497 τὸν
1490 1454 1570 1496 ὑπὸ
1596 1453 1673 1510 τήν

237 1520 313 1572 γῆν
346 1518 544 1572 ὁρίζοντα,
573 1523 800 1575 τρέπεσθαι
833 1520 904 1561 ἐπὶ
927 1520 1000 1574 τήν
1027 1519 1216 1563 ἐναντίαν
1252 1521 1302 1562 τὰ
1329 1518 1466 1562 ὕδατα
1495 1521 1668 1575 κίνησιν.
1681 1530 1728 1564 20

236 1582 319 1637 χρή
354 1578 428 1624 οὖν
464 1586 780 1626 διασκοπεῖσθαι
821 1587 919 1638 περὶ
955 1587 1028 1639 τῆς
1056 1585 1252 1639 κινήσεως
1278 1585 1429 1638 ταύτης
1457 1588 1541 1626 τῶν
1567 1584 1669 1626 ὖδά.

234 1664 328 1701 των,
361 1650 415 1704 τῇ
452 1651 493 1689 δ’
520 1650 899 1702 ἔπισκεπτομένους.
965 1651 1038 1704 τήν
1075 1650 1153 1705 γὰρ
1184 1649 1357 1705 σελήνην
1387 1648 1670 1705 ἐπιτροπεύειν

328 1769 361 1802 9.
386 1770 599 1816 πλημμυρεῖ
618 1771 642 1803 Ρ

236 1874 300 1906 bes
326 1874 523 1917 antecedu3
551 1875 681 1908 divitiis
725 1886 868 1920 quoque
896 1881 932 1909 et
965 1876 1099 1921 reliqua
1126 1877 1297 1910 felicitate
1323 1886 1444 1910 omnes
1469 1875 1573 1909 urbes
1597 1875 1667 1909 Oc-

237 1920 412 1953 cidentem
440 1927 639 1965 spectantes
666 1921 769 1954 facile
793 1928 947 1966 superat.
1011 1922 1223 1956 fortitudine
1259 1929 1295 1956 et
1316 1925 1446 1956 virtute
1472 1921 1601 1955 bellica
1623 1932 1666 1954 ea

238 1978 322 2010 gens
348 1967 474 1999 melior
513 1968 672 2000 finitimis
716 1974 752 2000 et
776 1969 854 2000 aliis
894 1969 1057 2013 piurimis
1087 1969 1288 2002 Occidentis
1321 1969 1464 2014 populis
1494 1972 1667 2001 censetur.

238 2018 409 2058 quantum
435 2012 479 2045 ad
505 2025 678 2045 armorum
706 2014 866 2046 habitum
891 2016 1032 2055 attinet,
1059 2021 1156 2047 scuta
1182 2016 1302 2048 italica
1327 2021 1363 2048 et
1389 2013 1524 2058 gladios
1551 2014 1666 2046 Grae-

237 2070 296 2092 cos
323 2064 470 2103 gestant.
497 2059 686 2091 missilibus
715 2065 863 2093 utuntur
886 2061 1063 2103 oblongis,
1087 2061 1176 2093 adeo
1203 2067 1241 2094 ut
1265 2062 1474 2106 plerumque
1500 2070 1541 2093 ea
1566 2065 1668 2092 stan·

237 2110 290 2138 tes
315 2106 352 2138 in
376 2110 502 2138 terram
526 2105 692 2149 defigant.
742 2106 872 2138 flumen
896 2107 1080 2140 'rhemesis
1105 2108 1246 2140 nomine
1275 2108 1375 2140 istam
1402 2106 1524 2139 urbem
1549 2107 1664 2146 alluit,

236 2162 400 2195 magnum
424 2157 461 2184 et
485 2151 655 2197 rapidum,
681 2152 778 2197 quod
806 2153 843 2184 in
869 2153 1042 2186 Gallicum
1076 2163 1171 2186 mare
1196 2153 1388 2186 effunditur
1411 2152 1456 2185 ab
1481 2152 1568 2185 urbe
1593 2157 1665 2185 sta-

239 2197 308 2230 diis
332 2197 453 2230 decem
477 2203 512 2230 et
537 2198 715 2237 ducentis3
742 2198 864 2243 ibique
893 2203 1067 2242 restagnat
1095 2199 1183 2232 adeo
1210 2205 1250 2232 ut
1275 2199 1377 2232 facile
1406 2198 1554 2231 navibus
1579 2197 1664 2231 hinc

239 2244 285 2276 ad
323 2244 446 2276 urbem
474 2244 638 2276 accedere
679 2244 795 2277 liceat.
860 2249 896 2278 et
921 2255 1003 2277 sane
1038 2256 1129 2290 aqua
1168 2245 1284 2279 refluit
1316 2255 1419 2288 aegre
1455 2245 1493 2277 in
1517 2244 1662 2277 fluvium

240 2289 433 2323 ascendens
466 2296 611 2335 propter
649 2290 745 2322 urbis
776 2290 970 2331 obiectum,
1001 2290 1113 2324 fluens
1148 2302 1211 2336 per
1235 2292 1430 2335 gurgitem,
1457 2291 1518 2336 qui
1546 2291 1662 2324 estin

240 2337 384 2381 regione
405 2337 578 2370 maritima
604 2336 809 2379 Gegeutiae.
868 2336 930 2369 ubi
957 2342 1072 2370 autem
1097 2349 1186 2382 aqua
1222 2338 1256 2369 in
1283 2338 1398 2370 insula
1426 2348 1462 2370 se
1488 2337 1662 2381 receperit

239 2383 276 2415 in
299 2383 482 2426 gurgitem,
507 2394 612 2416 naves
637 2384 675 2415 in
699 2384 792 2416 sicco
817 2382 962 2416 destitui
989 2389 1136 2423 constat,
1163 2389 1389 2428 expectantes
1417 2383 1531 2416 donec
1552 2383 1661 2416 inun-

239 2428 337 2462 datio
371 2440 538 2473 aquarum
577 2429 680 2462 solita
715 2429 845 2463 redeat.
895 2429 1079 2462 inundatio
1106 2441 1219 2474 aquae
1245 2431 1435 2471 excrescit,
1459 2429 1520 2462 ubi
1543 2429 1659 2473 pluri-

238 2485 344 2515 mum,
372 2476 415 2507 nd
442 2476 579 2508 cubitos
612 2476 722 2518 regios
746 2474 964 2520 quindecim:
995 2476 1055 2508 ubi
1094 2487 1178 2509 vero
1201 2477 1395 2515 minimum,
1425 2475 1468 2508 ad
1494 2475 1659 2508 undecim

237 2522 436 2554 cubitorum
461 2532 658 2554 mensuram
685 2522 850 2566 augescit.
901 2528 1005 2555 nocte
1031 2523 1138 2566 igitur
1166 2527 1201 2555 et
1228 2522 1285 2555 die
1312 2522 1530 2562 recedentes,
1560 2526 1659 2566 post·

238 2578 279 2599 ea
307 2573 465 2601 remeant
487 2579 610 2614 aquae,
634 2567 742 2612 idque
771 2568 880 2600 bisin
907 2569 1021 2612 spatio
1045 2569 1168 2612 viginti
1195 2574 1362 2614 quattuor
1379 2569 1551 2610 horarum.
1575 2568 1658 2600 luna

238 2624 315 2645 cum
342 2614 447 2646 fuerit
471 2614 507 2647 in
541 2614 658 2646 medio
694 2615 790 2647 caelo
817 2614 1010 2647 horizontis
1048 2615 1158 2647 nostri
1189 2620 1224 2647 et
1255 2615 1331 2648 eius
1357 2616 1418 2660 qui
1441 2613 1560 2647 subter
1583 2619 1657 2646 ter-

238 2671 309 2691 ram
337 2665 409 2700 est,
448 2661 482 2692 in
508 2662 717 2693 contrarium
758 2666 888 2694 motum
923 2672 1034 2706 aquae
1072 2660 1269 2694 discedunt.
1330 2672 1450 2694 verum
1473 2665 1512 2692 ut
1537 2669 1658 2691 causas

238 2705 342 2739 huius
371 2707 658 2752 reciprocationis
684 2707 944 2751 investigemus,
970 2708 1006 2740 in
1029 2706 1123 2740 hunc
1141 2707 1283 2741 modum
1301 2719 1365 2742 nos
1389 2707 1658 2753 inquisitionem
