<?xml version="1.0" encoding="UTF-8"?>
<!DOCTYPE html PUBLIC "-//W3C//DTD XHTML 1.0 Transitional//EN"
    "http://www.w3.org/TR/xhtml1/DTD/xhtml1-transitional.dtd">
<html xmlns="http://www.w3.org/1999/xhtml" xml:lang="en" lang="en">
 <head>
  <title>
</title>
<meta http-equiv="Content-Type" content="text/html;charset=utf-8" />
  <meta name='ocr-system' content='tesseract 3.04.00' />
  <meta name='ocr-capabilities' content='ocr_page ocr_carea ocr_par ocr_line ocrx_word'/>
</head>
<body>
  <div class='ocr_page' id='page_1' title='image "./corpusscriptorum32niebuoft_0414.png"; bbox 0 0 1774 3204; ppageno 0'>
   <div class='ocr_carea' id='block_1_1' title="bbox 233 185 1316 235">
    <p class='ocr_par' dir='ltr' id='par_1_1' title="bbox 233 185 1316 235">
     <span class='ocr_line' id='line_1_1' title="bbox 233 185 1316 235; baseline -0.003 -3"><span class='ocrx_word' id='word_1_1' title='bbox 233 185 329 235; x_wconf 72' lang='lat'><strong>402</strong></span> <span class='ocrx_word' id='word_1_2' title='bbox 548 191 771 232; x_wconf 68' lang='lat' dir='ltr'><strong>LAONlCI</strong></span> <span class='ocrx_word' id='word_1_3' title='bbox 808 189 1316 231; x_wconf 78' lang='lat' dir='ltr'><strong>CHALCOCONDYLAE</strong></span> 
     </span>
    </p>
   </div>
   <div class='ocr_carea' id='block_1_2' title="bbox 194 283 1725 1628">
    <p class='ocr_par' dir='ltr' id='par_1_2' title="bbox 194 283 1725 1628">
     <span class='ocr_line' id='line_1_2' title="bbox 233 283 1662 340; baseline -0.002 -10"><span class='ocrx_word' id='word_1_4' title='bbox 233 290 492 340; x_wconf 73' lang='grc' dir='ltr'><em>συνελέγοντο</em></span> <span class='ocrx_word' id='word_1_5' title='bbox 540 283 666 334; x_wconf 73' lang='grc' dir='ltr'><em>αὖθις</em></span> <span class='ocrx_word' id='word_1_6' title='bbox 708 289 750 334; x_wconf 80' lang='grc' dir='ltr'><strong>ἐς</strong></span> <span class='ocrx_word' id='word_1_7' title='bbox 777 287 852 339; x_wconf 76' lang='grc' dir='ltr'><strong>τὴν</strong></span> <span class='ocrx_word' id='word_1_8' title='bbox 885 289 1117 336; x_wconf 77' lang='grc' dir='ltr'><em>Βυζαντίου</em></span> <span class='ocrx_word' id='word_1_9' title='bbox 1149 286 1282 337; x_wconf 84' lang='grc' dir='ltr'><em>πόλιν,</em></span> <span class='ocrx_word' id='word_1_10' title='bbox 1309 287 1408 334; x_wconf 81' lang='grc' dir='ltr'><em>τούς</em></span> <span class='ocrx_word' id='word_1_11' title='bbox 1435 301 1480 328; x_wconf 78' lang='grc' dir='ltr'><strong>τε</strong></span> <span class='ocrx_word' id='word_1_12' title='bbox 1507 284 1662 339; x_wconf 77' lang='grc' dir='ltr'><em>προσή-</em></span> 
     </span>
     <span class='ocr_line' id='line_1_3' title="bbox 233 350 1663 404; baseline -0.002 -12"><span class='ocrx_word' id='word_1_13' title='bbox 233 367 380 398; x_wconf 79' lang='grc' dir='ltr'><em>κοντας</em></span> <span class='ocrx_word' id='word_1_14' title='bbox 407 352 548 391; x_wconf 73' lang='grc' dir='ltr'><em>αόταῖν</em></span> <span class='ocrx_word' id='word_1_15' title='bbox 576 352 893 404; x_wconf 77' lang='grc' dir='ltr'><em>ἐλευθεροῦντες</em></span> <span class='ocrx_word' id='word_1_16' title='bbox 925 352 997 391; x_wconf 85' lang='grc' dir='ltr'><em>καί</em></span> <span class='ocrx_word' id='word_1_17' title='bbox 1024 350 1292 404; x_wconf 72' lang='grc' dir='ltr'><strong>ἐπιτηδείους.</strong></span> <span class='ocrx_word' id='word_1_18' title='bbox 1351 351 1424 390; x_wconf 83' lang='grc' dir='ltr'><em>καί</em></span> <span class='ocrx_word' id='word_1_19' title='bbox 1451 351 1504 391; x_wconf 84' lang='grc' dir='ltr'><strong>ου’</strong></span> <span class='ocrx_word' id='word_1_20' title='bbox 1529 352 1663 404; x_wconf 72' lang='grc' dir='ltr'><em>πολλῷ</em></span> 
     </span>
     <span class='ocr_line' id='line_1_4' title="bbox 233 409 1664 468; baseline -0.002 -10"><span class='ocrx_word' id='word_1_21' title='bbox 233 414 406 468; x_wconf 71' lang='grc' dir='ltr'><em>ὕστερον</em></span> <span class='ocrx_word' id='word_1_22' title='bbox 432 415 514 455; x_wconf 72' lang='grc' dir='ltr'><strong>ὑπὸ</strong></span> <span class='ocrx_word' id='word_1_23' title='bbox 545 418 750 466; x_wconf 85' lang='grc' dir='ltr'><em>βασιλέως</em></span> <span class='ocrx_word' id='word_1_24' title='bbox 777 416 1003 456; x_wconf 78' lang='grc' dir='ltr'><em>α’πώλοντο.</em></span> <span class='ocrx_word' id='word_1_25' title='bbox 1069 417 1226 467; x_wconf 77' lang='grc' dir='ltr'><em>ἐγένετο</em></span> <span class='ocrx_word' id='word_1_26' title='bbox 1256 416 1301 455; x_wconf 75' lang='grc' dir='ltr'><strong>δὲ</strong></span> <span class='ocrx_word' id='word_1_27' title='bbox 1330 409 1424 455; x_wconf 76' lang='grc' dir='ltr'><em>ὧδε.</em></span> <span class='ocrx_word' id='word_1_28' title='bbox 1479 414 1536 462; x_wconf 74' lang='grc' dir='ltr'><strong>ὥς</strong></span> <span class='ocrx_word' id='word_1_29' title='bbox 1565 414 1664 467; x_wconf 74' lang='grc' dir='ltr'><em>οἰνη-</em></span> 
     </span>
     <span class='ocr_line' id='line_1_5' title="bbox 232 476 1664 534; baseline -0.003 -11"><span class='ocrx_word' id='word_1_30' title='bbox 232 484 361 534; x_wconf 75' lang='grc' dir='ltr'><em>νὲχθη</em></span> <span class='ocrx_word' id='word_1_31' title='bbox 383 483 424 528; x_wconf 79' lang='grc' dir='ltr'><strong>ἐς</strong></span> <span class='ocrx_word' id='word_1_32' title='bbox 449 483 624 532; x_wconf 79' lang='grc' dir='ltr'><strong><em>βασιλέα</em></strong></span> <span class='ocrx_word' id='word_1_33' title='bbox 652 482 782 521; x_wconf 75' lang='grc' dir='ltr'><em>παῖδα</em></span> <span class='ocrx_word' id='word_1_34' title='bbox 811 476 915 520; x_wconf 88' lang='grc' dir='ltr'><em>εἰναι</em></span> <span class='ocrx_word' id='word_1_35' title='bbox 946 482 1020 520; x_wconf 81' lang='grc' dir='ltr'><em>τοῦ</em></span> <span class='ocrx_word' id='word_1_36' title='bbox 1041 481 1219 531; x_wconf 82' lang='grc' dir='ltr'><em>Νοταρᾶ</em></span> <span class='ocrx_word' id='word_1_37' title='bbox 1248 478 1392 532; x_wconf 82' lang='grc' dir='ltr'><em>νήπιον</em></span> <span class='ocrx_word' id='word_1_38' title='bbox 1420 481 1664 532; x_wconf 72' lang='grc' dir='ltr'><em>ὃωδεκαετῆ,</em></span> 
     </span>
     <span class='ocr_line' id='line_1_6' title="bbox 232 541 1698 596; baseline -0.003 -10"><span class='ocrx_word' id='word_1_39' title='bbox 232 545 394 596; x_wconf 82' lang='grc' dir='ltr'><em>ἔπεμψε</em></span> <span class='ocrx_word' id='word_1_40' title='bbox 429 545 511 585; x_wconf 80' lang='grc' dir='ltr'><strong>τῶν</strong></span> <span class='ocrx_word' id='word_1_41' title='bbox 560 542 754 596; x_wconf 86' lang='grc' dir='ltr'><em>οἰνοχόων</em></span> <span class='ocrx_word' id='word_1_42' title='bbox 783 545 914 586; x_wconf 74' lang='grc' dir='ltr'><em>αὐτοῦ</em></span> <span class='ocrx_word' id='word_1_43' title='bbox 942 543 1037 596; x_wconf 77' lang='grc' dir='ltr'><em>ἕνα,</em></span> <span class='ocrx_word' id='word_1_44' title='bbox 1067 543 1307 594; x_wconf 79' lang='grc' dir='ltr'><em>αἰτούμενος</em></span> <span class='ocrx_word' id='word_1_45' title='bbox 1347 545 1417 584; x_wconf 83' lang='grc' dir='ltr'><strong>τὸν</strong></span> <span class='ocrx_word' id='word_1_46' title='bbox 1442 545 1586 586; x_wconf 78' lang='grc' dir='ltr'><em>παῖδα.</em></span> <span class='ocrx_word' id='word_1_47' title='bbox 1642 541 1698 583; x_wconf 77' lang='grc'><strong>65</strong></span> 
     </span>
     <span class='ocr_line' id='line_1_7' title="bbox 195 606 1666 662; baseline -0.003 -11"><span class='ocrx_word' id='word_1_48' title='bbox 195 611 280 651; x_wconf 79' lang='grc' dir='ltr'><strong>Βδὲ</strong></span> <span class='ocrx_word' id='word_1_49' title='bbox 308 608 365 657; x_wconf 77' lang='grc' dir='ltr'><strong>ὥς</strong></span> <span class='ocrx_word' id='word_1_50' title='bbox 393 606 572 649; x_wconf 77' lang='grc' dir='ltr'><em>ἐπύθετο</em></span> <span class='ocrx_word' id='word_1_51' title='bbox 602 607 652 648; x_wconf 75' lang='grc' dir='ltr'><em>τά</em></span> <span class='ocrx_word' id='word_1_52' title='bbox 684 606 797 662; x_wconf 73' lang='grc' dir='ltr'><em>παρὰ</em></span> <span class='ocrx_word' id='word_1_53' title='bbox 827 610 900 648; x_wconf 84' lang='grc' dir='ltr'><em>τοῦ</em></span> <span class='ocrx_word' id='word_1_54' title='bbox 921 606 1124 660; x_wconf 81' lang='grc' dir='ltr'><em>οἰνοχόου,</em></span> <span class='ocrx_word' id='word_1_55' title='bbox 1154 609 1345 658; x_wconf 77' lang='grc' dir='ltr'><strong><em>χαλεπῶς</em></strong></span> <span class='ocrx_word' id='word_1_56' title='bbox 1372 623 1416 648; x_wconf 88' lang='grc' dir='ltr'><strong>τε</strong></span> <span class='ocrx_word' id='word_1_57' title='bbox 1445 607 1569 662; x_wconf 76' lang='grc' dir='ltr'><em>ἔφερε</em></span> <span class='ocrx_word' id='word_1_58' title='bbox 1596 606 1666 647; x_wconf 75' lang='grc' dir='ltr'><em>καὶ</em></span> 
     </span>
     <span class='ocr_line' id='line_1_8' title="bbox 231 668 1666 726; baseline -0.003 -12"><span class='ocrx_word' id='word_1_59' title='bbox 231 676 409 714; x_wconf 79' lang='grc' dir='ltr'><em>ἐποιεῖτο</em></span> <span class='ocrx_word' id='word_1_60' title='bbox 441 670 586 726; x_wconf 76' lang='grc' dir='ltr'><em>δεινόν,</em></span> <span class='ocrx_word' id='word_1_61' title='bbox 615 674 744 725; x_wconf 78' lang='grc' dir='ltr'><em>λέγων</em></span> <span class='ocrx_word' id='word_1_62' title='bbox 772 668 831 712; x_wconf 66' lang='lat'><strong>“123</strong></span> <span class='ocrx_word' id='word_1_63' title='bbox 861 671 1032 724; x_wconf 82' lang='grc' dir='ltr'><em>οἰνοχόε,</em></span> <span class='ocrx_word' id='word_1_64' title='bbox 1066 675 1197 713; x_wconf 82' lang='grc' dir='ltr'><em>ταῦτα</em></span> <span class='ocrx_word' id='word_1_65' title='bbox 1226 674 1298 711; x_wconf 73' lang='grc' dir='ltr'><strong>οὐκ</strong></span> <span class='ocrx_word' id='word_1_66' title='bbox 1327 671 1537 725; x_wconf 73' lang='grc' dir='ltr'><em>ἀνασχετά</em></span> <span class='ocrx_word' id='word_1_67' title='bbox 1567 673 1666 722; x_wconf 79' lang='grc' dir='ltr'><em>ἐστι,</em></span> 
     </span>
     <span class='ocr_line' id='line_1_9' title="bbox 229 733 1666 791; baseline -0.002 -13"><span class='ocrx_word' id='word_1_68' title='bbox 229 739 406 790; x_wconf 82' lang='grc' dir='ltr'><em>βασιλέα</em></span> <span class='ocrx_word' id='word_1_69' title='bbox 439 738 717 791; x_wconf 72' lang='grc' dir='ltr'><em>α’φαιρεῖσθαι</em></span> <span class='ocrx_word' id='word_1_70' title='bbox 746 736 843 785; x_wconf 78' lang='grc' dir='ltr'><strong>τούς</strong></span> <span class='ocrx_word' id='word_1_71' title='bbox 863 739 1016 785; x_wconf 74' lang='grc' dir='ltr'><em>παῖδας</em></span> <span class='ocrx_word' id='word_1_72' title='bbox 1043 737 1170 790; x_wconf 77' lang='grc' dir='ltr'><em>ἡμῶν,</em></span> <span class='ocrx_word' id='word_1_73' title='bbox 1203 738 1323 778; x_wconf 78' lang='grc' dir='ltr'><em>οὐδὲν</em></span> <span class='ocrx_word' id='word_1_74' title='bbox 1354 735 1463 789; x_wconf 78' lang='grc' dir='ltr'><em>ἔχων</em></span> <span class='ocrx_word' id='word_1_75' title='bbox 1495 734 1519 776; x_wconf 75' lang='grc' dir='ltr'>ὅ</span> <span class='ocrx_word' id='word_1_76' title='bbox 1547 753 1586 776; x_wconf 87' lang='grc' dir='ltr'><strong>τι</strong></span> <span class='ocrx_word' id='word_1_77' title='bbox 1614 733 1666 776; x_wconf 73' lang='grc' dir='ltr'><strong>ἄν</strong></span> 
     </span>
     <span class='ocr_line' id='line_1_10' title="bbox 230 801 1665 857; baseline -0.001 -14"><span class='ocrx_word' id='word_1_78' title='bbox 230 803 330 856; x_wconf 82' lang='grc' dir='ltr'><em>ἡμῖν</em></span> <span class='ocrx_word' id='word_1_79' title='bbox 379 804 423 843; x_wconf 79' lang='grc' dir='ltr'><strong>ἐν</strong></span> <span class='ocrx_word' id='word_1_80' title='bbox 460 803 516 857; x_wconf 66' lang='grc' dir='ltr'><em>τῷ</em></span> <span class='ocrx_word' id='word_1_81' title='bbox 545 802 719 855; x_wconf 79' lang='grc' dir='ltr'><em>παρόντι</em></span> <span class='ocrx_word' id='word_1_82' title='bbox 766 804 1113 854; x_wconf 75' lang='grc' dir='ltr'><em>ἐπιμέμψασθαι,</em></span> <span class='ocrx_word' id='word_1_83' title='bbox 1153 804 1248 842; x_wconf 79' lang='grc' dir='ltr'><em>ἐπεί</em></span> <span class='ocrx_word' id='word_1_84' title='bbox 1274 818 1318 842; x_wconf 89' lang='grc' dir='ltr'><strong>τε</strong></span> <span class='ocrx_word' id='word_1_85' title='bbox 1356 805 1536 854; x_wconf 79' lang='grc' dir='ltr'><em>συνέγνω</em></span> <span class='ocrx_word' id='word_1_86' title='bbox 1567 801 1665 854; x_wconf 76' lang='grc' dir='ltr'><em>ἡμῖν</em></span> 
     </span>
     <span class='ocr_line' id='line_1_11' title="bbox 229 865 1722 921; baseline -0.001 -13"><span class='ocrx_word' id='word_1_87' title='bbox 229 867 302 921; x_wconf 77' lang='grc' dir='ltr'><strong>τὴν</strong></span> <span class='ocrx_word' id='word_1_88' title='bbox 331 866 541 918; x_wconf 74' lang='grc' dir='ltr'><em>ἁμαρτίαν</em></span> <span class='ocrx_word' id='word_1_89' title='bbox 568 865 887 919; x_wconf 80' lang='grc' dir='ltr'><em>ἐξωνησάμενος.</em></span> <span class='ocrx_word' id='word_1_90' title='bbox 944 869 983 908; x_wconf 84' lang='grc' dir='ltr'><strong>εἰ</strong></span> <span class='ocrx_word' id='word_1_91' title='bbox 1009 868 1054 907; x_wconf 74' lang='grc' dir='ltr'><strong>δὲ</strong></span> <span class='ocrx_word' id='word_1_92' title='bbox 1082 870 1212 907; x_wconf 80' lang='grc' dir='ltr'><em>ταῦτα</em></span> <span class='ocrx_word' id='word_1_93' title='bbox 1242 865 1348 907; x_wconf 70' lang='grc' dir='ltr'><em>οὕτω</em></span> <span class='ocrx_word' id='word_1_94' title='bbox 1376 865 1486 921; x_wconf 76' lang='grc' dir='ltr'><em>ἡμᾶς</em></span> <span class='ocrx_word' id='word_1_95' title='bbox 1515 869 1722 919; x_wconf 84' lang='grc' dir='ltr'><em>ποιοιή,10</em></span> 
     </span>
     <span class='ocr_line' id='line_1_12' title="bbox 229 930 1665 988; baseline -0.002 -15"><span class='ocrx_word' id='word_1_96' title='bbox 229 935 276 973; x_wconf 81' lang='grc' dir='ltr'><em>τί</em></span> <span class='ocrx_word' id='word_1_97' title='bbox 297 932 349 971; x_wconf 82' lang='grc' dir='ltr'><strong>ου’</strong></span> <span class='ocrx_word' id='word_1_98' title='bbox 387 930 542 971; x_wconf 78' lang='grc' dir='ltr'><em>κελεύει</em></span> <span class='ocrx_word' id='word_1_99' title='bbox 579 932 690 984; x_wconf 81' lang='grc' dir='ltr'><em>ἡμᾶς</em></span> <span class='ocrx_word' id='word_1_100' title='bbox 730 930 885 978; x_wconf 69' lang='grc' dir='ltr'><em>αὐτούς</em></span> <span class='ocrx_word' id='word_1_101' title='bbox 924 934 1101 988; x_wconf 76' lang='grc' dir='ltr'><em>κακίστῳ</em></span> <span class='ocrx_word' id='word_1_102' title='bbox 1151 931 1310 988; x_wconf 75' lang='grc' dir='ltr'><em>ὀλέθρῳ</em></span> <span class='ocrx_word' id='word_1_103' title='bbox 1351 934 1612 983; x_wconf 73' lang='grc' dir='ltr'><em>παραδοῦναι</em></span> <span class='ocrx_word' id='word_1_104' title='bbox 1628 932 1665 981; x_wconf 85' lang='grc'><strong>,·”</strong></span> 
     </span>
     <span class='ocr_line' id='line_1_13' title="bbox 229 993 1665 1050; baseline 0 -13"><span class='ocrx_word' id='word_1_105' title='bbox 229 994 361 1037; x_wconf 78' lang='grc' dir='ltr'><em>ταῦτά</em></span> <span class='ocrx_word' id='word_1_106' title='bbox 392 1011 437 1036; x_wconf 87' lang='grc' dir='ltr'><strong>τε</strong></span> <span class='ocrx_word' id='word_1_107' title='bbox 466 994 591 1048; x_wconf 61' lang='grc' dir='ltr'><em>ἔλεγε,</em></span> <span class='ocrx_word' id='word_1_108' title='bbox 622 998 695 1036; x_wconf 83' lang='grc' dir='ltr'><em>καί</em></span> <span class='ocrx_word' id='word_1_109' title='bbox 720 996 794 1036; x_wconf 78' lang='grc' dir='ltr'><strong>οὔκ</strong></span> <span class='ocrx_word' id='word_1_110' title='bbox 817 994 899 1050; x_wconf 77' lang='grc' dir='ltr'><strong>ἔφη</strong></span> <span class='ocrx_word' id='word_1_111' title='bbox 920 993 1023 1037; x_wconf 71' lang='grc' dir='ltr'><em>ἑκών</em></span> <span class='ocrx_word' id='word_1_112' title='bbox 1052 994 1281 1037; x_wconf 78' lang='grc' dir='ltr'><em>εἶναι’ποτέ</em></span> <span class='ocrx_word' id='word_1_113' title='bbox 1297 996 1366 1038; x_wconf 85' lang='grc' dir='ltr'><strong>τὸν</strong></span> <span class='ocrx_word' id='word_1_114' title='bbox 1385 998 1515 1038; x_wconf 74' lang='grc' dir='ltr'><em>παῖδα</em></span> <span class='ocrx_word' id='word_1_115' title='bbox 1543 997 1665 1037; x_wconf 67' lang='lat' dir='ltr'><strong>‹ivat-</strong></span> 
     </span>
     <span class='ocr_line' id='line_1_14' title="bbox 231 1058 1667 1117; baseline -0.001 -16"><span class='ocrx_word' id='word_1_116' title='bbox 231 1076 316 1108; x_wconf 88' lang='grc' dir='ltr'><em>τιος</em></span> <span class='ocrx_word' id='word_1_117' title='bbox 345 1058 404 1101; x_wconf 71' lang='grc' dir='ltr'><em>(ὂν</em></span> <span class='ocrx_word' id='word_1_118' title='bbox 433 1058 641 1101; x_wconf 74' lang='grc' dir='ltr'><em>ἐκδώσειν.</em></span> <span class='ocrx_word' id='word_1_119' title='bbox 709 1058 992 1114; x_wconf 80' lang='grc' dir='ltr'><em>ἐπιπλήττοντι</em></span> <span class='ocrx_word' id='word_1_120' title='bbox 1033 1061 1079 1100; x_wconf 76' lang='grc' dir='ltr'><strong>δὲ</strong></span> <span class='ocrx_word' id='word_1_121' title='bbox 1121 1062 1176 1116; x_wconf 71' lang='grc' dir='ltr'><em>τῷ</em></span> <span class='ocrx_word' id='word_1_122' title='bbox 1213 1060 1383 1117; x_wconf 80' lang='grc' dir='ltr'><em>οἰνοχόῳ</em></span> <span class='ocrx_word' id='word_1_123' title='bbox 1412 1061 1482 1102; x_wconf 80' lang='grc' dir='ltr'><strong>καὶ</strong></span> <span class='ocrx_word' id='word_1_124' title='bbox 1509 1076 1667 1114; x_wconf 75' lang='grc' dir='ltr'><em>παραι-</em></span> 
     </span>
     <span class='ocr_line' id='line_1_15' title="bbox 232 1122 1665 1179; baseline 0 -13"><span class='ocrx_word' id='word_1_125' title='bbox 232 1128 372 1166; x_wconf 83' lang='grc' dir='ltr'><em>νοῦντι</em></span> <span class='ocrx_word' id='word_1_126' title='bbox 400 1124 506 1177; x_wconf 85' lang='grc' dir='ltr'><em>μήτε</em></span> <span class='ocrx_word' id='word_1_127' title='bbox 547 1127 680 1177; x_wconf 82' lang='grc' dir='ltr'><em>λέγειν</em></span> <span class='ocrx_word' id='word_1_128' title='bbox 708 1122 811 1177; x_wconf 83' lang='grc' dir='ltr'><em>μήτε</em></span> <span class='ocrx_word' id='word_1_129' title='bbox 850 1131 982 1165; x_wconf 85' lang='grc' dir='ltr'><em>ποιεῖν</em></span> <span class='ocrx_word' id='word_1_130' title='bbox 1010 1122 1116 1166; x_wconf 69' lang='grc' dir='ltr'><em>οὕτω</em></span> <span class='ocrx_word' id='word_1_131' title='bbox 1146 1126 1188 1172; x_wconf 81' lang='grc' dir='ltr'><strong>ἐς</strong></span> <span class='ocrx_word' id='word_1_132' title='bbox 1218 1128 1406 1179; x_wconf 81' lang='grc' dir='ltr'><em>βασιλέα,</em></span> <span class='ocrx_word' id='word_1_133' title='bbox 1435 1125 1490 1174; x_wconf 78' lang='grc' dir='ltr'><strong>ὥς</strong></span> <span class='ocrx_word' id='word_1_134' title='bbox 1519 1127 1665 1166; x_wconf 70' lang='grc' dir='ltr'><em>αὐτίκα</em></span> 
     </span>
     <span class='ocr_line' id='line_1_16' title="bbox 194 1186 1723 1244; baseline 0.001 -15"><span class='ocrx_word' id='word_1_135' title='bbox 194 1188 517 1240; x_wconf 67' lang='grc' dir='ltr'><em>(ῑάπολούμενον</em></span> <span class='ocrx_word' id='word_1_136' title='bbox 539 1220 550 1239; x_wconf 85' lang='lat'>‚</span> <span class='ocrx_word' id='word_1_137' title='bbox 592 1190 667 1228; x_wconf 66' lang='grc' dir='ltr'><strong>οὐκ</strong></span> <span class='ocrx_word' id='word_1_138' title='bbox 709 1187 888 1229; x_wconf 71' lang='grc' dir='ltr'><em>ἔπειθεν.</em></span> <span class='ocrx_word' id='word_1_139' title='bbox 957 1191 1048 1229; x_wconf 77' lang='grc' dir='ltr'><em>ἐπεὶ</em></span> <span class='ocrx_word' id='word_1_140' title='bbox 1076 1191 1121 1229; x_wconf 82' lang='grc' dir='ltr'><strong>δὲ</strong></span> <span class='ocrx_word' id='word_1_141' title='bbox 1151 1186 1425 1244; x_wconf 74' lang='grc' dir='ltr'><em>ὖποστρέφων</em></span> <span class='ocrx_word' id='word_1_142' title='bbox 1447 1189 1664 1243; x_wconf 78' lang='grc' dir='ltr'><em>α’πήγγειλε</em></span> <span class='ocrx_word' id='word_1_143' title='bbox 1681 1198 1723 1231; x_wconf 83' lang='grc'><strong>15</strong></span> 
     </span>
     <span class='ocr_line' id='line_1_17' title="bbox 231 1250 1667 1309; baseline 0 -15"><span class='ocrx_word' id='word_1_144' title='bbox 231 1255 289 1309; x_wconf 74' lang='grc' dir='ltr'><em>τῷ</em></span> <span class='ocrx_word' id='word_1_145' title='bbox 316 1257 486 1304; x_wconf 85' lang='grc' dir='ltr'><em>βασιλεῖ</em></span> <span class='ocrx_word' id='word_1_146' title='bbox 508 1252 559 1293; x_wconf 73' lang='lat' dir='ltr'><strong>‘ca&#39;</strong></span> <span class='ocrx_word' id='word_1_147' title='bbox 601 1252 714 1305; x_wconf 80' lang='grc' dir='ltr'><em>παρὰ</em></span> <span class='ocrx_word' id='word_1_148' title='bbox 746 1254 827 1293; x_wconf 78' lang='grc' dir='ltr'><em>ταῖν</em></span> <span class='ocrx_word' id='word_1_149' title='bbox 854 1250 1074 1306; x_wconf 78' lang='grc' dir='ltr'><em>Ἑλλήνων,</em></span> <span class='ocrx_word' id='word_1_150' title='bbox 1118 1254 1269 1293; x_wconf 70' lang='grc' dir='ltr'><em>αὐτίκα</em></span> <span class='ocrx_word' id='word_1_151' title='bbox 1305 1255 1515 1295; x_wconf 79' lang='grc' dir='ltr'><em>ἐκέλευσεν</em></span> <span class='ocrx_word' id='word_1_152' title='bbox 1541 1251 1667 1294; x_wconf 75' lang='grc' dir='ltr'><em>αὐτόν</em></span> 
     </span>
     <span class='ocr_line' id='line_1_18' title="bbox 230 1313 1669 1374; baseline 0 -15"><span class='ocrx_word' id='word_1_153' title='bbox 230 1334 276 1359; x_wconf 87' lang='grc' dir='ltr'><strong>τε</strong></span> <span class='ocrx_word' id='word_1_154' title='bbox 302 1314 390 1369; x_wconf 77' lang='grc' dir='ltr'><strong>ἅμα</strong></span> <span class='ocrx_word' id='word_1_155' title='bbox 419 1320 490 1358; x_wconf 83' lang='grc' dir='ltr'><em>καί</em></span> <span class='ocrx_word' id='word_1_156' title='bbox 527 1315 623 1366; x_wconf 79' lang='grc' dir='ltr'><strong>τούς</strong></span> <span class='ocrx_word' id='word_1_157' title='bbox 656 1319 831 1369; x_wconf 82' lang='grc' dir='ltr'><em>παῖδας,</em></span> <span class='ocrx_word' id='word_1_158' title='bbox 862 1316 933 1357; x_wconf 83' lang='grc' dir='ltr'><em>καί</em></span> <span class='ocrx_word' id='word_1_159' title='bbox 974 1313 1066 1358; x_wconf 78' lang='grc' dir='ltr'><em>ὅσοι</em></span> <span class='ocrx_word' id='word_1_160' title='bbox 1093 1318 1205 1374; x_wconf 68' lang='grc' dir='ltr'><em>αὐτῷ</em></span> <span class='ocrx_word' id='word_1_161' title='bbox 1232 1321 1528 1372; x_wconf 79' lang='grc' dir='ltr'><em>συμπαρῆσαν,</em></span> <span class='ocrx_word' id='word_1_162' title='bbox 1555 1320 1669 1359; x_wconf 83' lang='grc' dir='ltr'><em>α’πα-</em></span> 
     </span>
     <span class='ocr_line' id='line_1_19' title="bbox 230 1377 1668 1437; baseline 0 -14"><span class='ocrx_word' id='word_1_163' title='bbox 230 1381 429 1436; x_wconf 76' lang='grc' dir='ltr'><em>γαγόντας</em></span> <span class='ocrx_word' id='word_1_164' title='bbox 461 1380 740 1437; x_wconf 79' lang='grc' dir='ltr'><em>κατασφάξαι.</em></span> <span class='ocrx_word' id='word_1_165' title='bbox 816 1380 852 1422; x_wconf 81' lang='grc' dir='ltr'><strong>οἱ</strong></span> <span class='ocrx_word' id='word_1_166' title='bbox 880 1383 957 1433; x_wconf 82' lang='grc' dir='ltr'><strong>μὲν</strong></span> <span class='ocrx_word' id='word_1_167' title='bbox 982 1377 1058 1422; x_wconf 65' lang='grc' dir='ltr'><strong>οὖν</strong></span> <span class='ocrx_word' id='word_1_168' title='bbox 1087 1379 1142 1428; x_wconf 73' lang='grc' dir='ltr'><strong>ὥς</strong></span> <span class='ocrx_word' id='word_1_169' title='bbox 1172 1384 1371 1437; x_wconf 81' lang='grc' dir='ltr'><em>α’φίκοντο</em></span> <span class='ocrx_word' id='word_1_170' title='bbox 1397 1386 1442 1431; x_wconf 76' lang='grc' dir='ltr'><strong>ἐς</strong></span> <span class='ocrx_word' id='word_1_171' title='bbox 1470 1381 1600 1425; x_wconf 75' lang='grc' dir='ltr'><em>αὐτόν</em></span> <span class='ocrx_word' id='word_1_172' title='bbox 1629 1381 1668 1423; x_wconf 83' lang='grc' dir='ltr'><strong>οἱ</strong></span> 
     </span>
     <span class='ocr_line' id='line_1_20' title="bbox 233 1446 1668 1498; baseline -0.001 -10"><span class='ocrx_word' id='word_1_173' title='bbox 233 1448 304 1488; x_wconf 74' lang='grc' dir='ltr'><strong>ἐπὶ</strong></span> <span class='ocrx_word' id='word_1_174' title='bbox 333 1449 452 1488; x_wconf 82' lang='grc' dir='ltr'><em>τοῦτο</em></span> <span class='ocrx_word' id='word_1_175' title='bbox 479 1449 718 1498; x_wconf 76' lang='grc' dir='ltr'><em>ταχθέντες,</em></span> <span class='ocrx_word' id='word_1_176' title='bbox 746 1447 876 1486; x_wconf 76' lang='grc' dir='ltr'><em>ἐδεῖτο</em></span> <span class='ocrx_word' id='word_1_177' title='bbox 905 1448 1044 1486; x_wconf 67' lang='grc' dir='ltr'><em>αὐτῶν</em></span> <span class='ocrx_word' id='word_1_178' title='bbox 1073 1446 1173 1494; x_wconf 77' lang='grc' dir='ltr'><strong>τούς</strong></span> <span class='ocrx_word' id='word_1_179' title='bbox 1199 1449 1351 1494; x_wconf 75' lang='grc' dir='ltr'><em>παῖδας</em></span> <span class='ocrx_word' id='word_1_180' title='bbox 1377 1446 1561 1488; x_wconf 69' lang='grc' dir='ltr'><em>ἐναντίον</em></span> <span class='ocrx_word' id='word_1_181' title='bbox 1586 1446 1668 1488; x_wconf 72' lang='grc' dir='ltr'><strong>αὖ-</strong></span> 
     </span>
     <span class='ocr_line' id='line_1_21' title="bbox 231 1509 1725 1566; baseline 0.001 -14"><span class='ocrx_word' id='word_1_182' title='bbox 231 1513 306 1553; x_wconf 81' lang='grc' dir='ltr'><em>τοῦ</em></span> <span class='ocrx_word' id='word_1_183' title='bbox 330 1513 487 1552; x_wconf 81' lang='grc' dir='ltr'><em>α’νελεῑν</em></span> <span class='ocrx_word' id='word_1_184' title='bbox 513 1510 563 1551; x_wconf 77' lang='grc' dir='ltr'><em>τὰ</em></span> <span class='ocrx_word' id='word_1_185' title='bbox 594 1514 752 1565; x_wconf 72' lang='grc' dir='ltr'><em>πρῶτα,</em></span> <span class='ocrx_word' id='word_1_186' title='bbox 780 1511 884 1562; x_wconf 81' lang='grc' dir='ltr'><em>μετὰ</em></span> <span class='ocrx_word' id='word_1_187' title='bbox 905 1513 951 1552; x_wconf 84' lang='grc' dir='ltr'><strong>ὁὲ</strong></span> <span class='ocrx_word' id='word_1_188' title='bbox 978 1514 1108 1552; x_wconf 77' lang='grc' dir='ltr'><em>ταῦτα</em></span> <span class='ocrx_word' id='word_1_189' title='bbox 1129 1509 1274 1553; x_wconf 68' lang='grc' dir='ltr'><em>ἑαυτὸν</em></span> <span class='ocrx_word' id='word_1_190' title='bbox 1300 1512 1665 1566; x_wconf 71' lang='grc' dir='ltr'><em>καταχρήσασθαι.</em></span> <span class='ocrx_word' id='word_1_191' title='bbox 1679 1525 1725 1559; x_wconf 79' lang='lat'><strong>20</strong></span> 
     </span>
     <span class='ocr_line' id='line_1_22' title="bbox 235 1574 1667 1628; baseline 0.001 -12"><span class='ocrx_word' id='word_1_192' title='bbox 235 1579 308 1618; x_wconf 76' lang='grc' dir='ltr'><strong>καί</strong></span> <span class='ocrx_word' id='word_1_193' title='bbox 337 1574 375 1617; x_wconf 83' lang='grc' dir='ltr'><strong>οἱ</strong></span> <span class='ocrx_word' id='word_1_194' title='bbox 401 1577 478 1628; x_wconf 86' lang='grc' dir='ltr'><strong>μὲν</strong></span> <span class='ocrx_word' id='word_1_195' title='bbox 506 1577 651 1624; x_wconf 76' lang='grc' dir='ltr'><em>παῖδες</em></span> <span class='ocrx_word' id='word_1_196' title='bbox 691 1576 826 1617; x_wconf 65' lang='grc' dir='ltr'><em>αὐτοῦ</em></span> <span class='ocrx_word' id='word_1_197' title='bbox 850 1576 1164 1624; x_wconf 80' lang='grc' dir='ltr'><em>καταδείσαντες</em></span> <span class='ocrx_word' id='word_1_198' title='bbox 1199 1574 1272 1618; x_wconf 83' lang='grc' dir='ltr'><strong>τὸν</strong></span> <span class='ocrx_word' id='word_1_199' title='bbox 1299 1575 1479 1618; x_wconf 74' lang='grc' dir='ltr'><em>θάνατον</em></span> <span class='ocrx_word' id='word_1_200' title='bbox 1505 1577 1667 1619; x_wconf 77' lang='grc' dir='ltr'><em>ἐδέοντο</em></span> 
     </span>
    </p>
   </div>
   <div class='ocr_carea' id='block_1_3' title="bbox 235 1776 1711 2742">
    <p class='ocr_par' dir='ltr' id='par_1_3' title="bbox 235 1776 1711 2742">
     <span class='ocr_line' id='line_1_23' title="bbox 236 1776 1668 1821; baseline 0.002 -13"><span class='ocrx_word' id='word_1_201' title='bbox 236 1777 293 1809; x_wconf 88' lang='lat' dir='ltr'><strong>sit.</strong></span> <span class='ocrx_word' id='word_1_202' title='bbox 343 1776 486 1821; x_wconf 85' lang='lat' dir='ltr'><strong>quidam</strong></span> <span class='ocrx_word' id='word_1_203' title='bbox 502 1777 627 1809; x_wconf 86' lang='lat' dir='ltr'><strong>Graeci</strong></span> <span class='ocrx_word' id='word_1_204' title='bbox 652 1778 712 1821; x_wconf 90' lang='lat' dir='ltr'><strong>qui</strong></span> <span class='ocrx_word' id='word_1_205' title='bbox 740 1782 839 1810; x_wconf 84' lang='lat' dir='ltr'><strong>erant</strong></span> <span class='ocrx_word' id='word_1_206' title='bbox 854 1777 1065 1810; x_wconf 59' lang='lat' dir='ltr'><strong>*fibertatem</strong></span> <span class='ocrx_word' id='word_1_207' title='bbox 1090 1777 1270 1810; x_wconf 81' lang='lat' dir='ltr'>consecuti</span> <span class='ocrx_word' id='word_1_208' title='bbox 1298 1782 1333 1810; x_wconf 89' lang='lat' dir='ltr'><strong>et</strong></span> <span class='ocrx_word' id='word_1_209' title='bbox 1356 1777 1533 1821; x_wconf 82' lang='lat' dir='ltr'><strong>praesenti</strong></span> <span class='ocrx_word' id='word_1_210' title='bbox 1557 1778 1668 1811; x_wconf 82' lang='lat' dir='ltr'><strong>exitio</strong></span> 
     </span>
     <span class='ocr_line' id='line_1_24' title="bbox 235 1822 1669 1867; baseline 0.001 -13"><span class='ocrx_word' id='word_1_211' title='bbox 235 1823 415 1862; x_wconf 78' lang='lat' dir='ltr'>subtracti,</span> <span class='ocrx_word' id='word_1_212' title='bbox 444 1824 568 1855; x_wconf 87' lang='lat' dir='ltr'><strong>iterum</strong></span> <span class='ocrx_word' id='word_1_213' title='bbox 601 1822 858 1866; x_wconf 80' lang='lat' dir='ltr'>colligebantur</span> <span class='ocrx_word' id='word_1_214' title='bbox 887 1825 1101 1865; x_wconf 80' lang='lat' dir='ltr'>Byzantium,</span> <span class='ocrx_word' id='word_1_215' title='bbox 1126 1823 1345 1867; x_wconf 84' lang='lat' dir='ltr'><strong>propinquos</strong></span> <span class='ocrx_word' id='word_1_216' title='bbox 1373 1828 1410 1856; x_wconf 87' lang='lat' dir='ltr'><strong>et</strong></span> <span class='ocrx_word' id='word_1_217' title='bbox 1432 1825 1562 1856; x_wconf 84' lang='lat' dir='ltr'><strong>amicos</strong></span> <span class='ocrx_word' id='word_1_218' title='bbox 1586 1834 1669 1857; x_wconf 76' lang='lat' dir='ltr'><strong>suos</strong></span> 
     </span>
     <span class='ocr_line' id='line_1_25' title="bbox 236 1869 1670 1914; baseline 0.001 -13"><span class='ocrx_word' id='word_1_219' title='bbox 236 1870 275 1902; x_wconf 86' lang='lat' dir='ltr'><strong>in</strong></span> <span class='ocrx_word' id='word_1_220' title='bbox 302 1869 500 1901; x_wconf 82' lang='lat' dir='ltr'><strong>libertatem</strong></span> <span class='ocrx_word' id='word_1_221' title='bbox 526 1870 706 1913; x_wconf 81' lang='lat' dir='ltr'><strong>antiquam</strong></span> <span class='ocrx_word' id='word_1_222' title='bbox 727 1875 933 1902; x_wconf 79' lang='lat' dir='ltr'><strong>asserentes.</strong></span> <span class='ocrx_word' id='word_1_223' title='bbox 963 1880 1079 1901; x_wconf 88' lang='lat' dir='ltr'><strong>verum</strong></span> <span class='ocrx_word' id='word_1_224' title='bbox 1101 1869 1195 1900; x_wconf 81' lang='lat' dir='ltr'><strong>haud</strong></span> <span class='ocrx_word' id='word_1_225' title='bbox 1217 1870 1328 1902; x_wconf 84' lang='lat' dir='ltr'><strong>multo</strong></span> <span class='ocrx_word' id='word_1_226' title='bbox 1354 1875 1434 1913; x_wconf 87' lang='lat' dir='ltr'><strong>post</strong></span> <span class='ocrx_word' id='word_1_227' title='bbox 1459 1870 1549 1914; x_wconf 77' lang='lat' dir='ltr'><strong>regis</strong></span> <span class='ocrx_word' id='word_1_228' title='bbox 1574 1870 1670 1902; x_wconf 84' lang='lat' dir='ltr'><strong>iussu</strong></span> 
     </span>
     <span class='ocr_line' id='line_1_26' title="bbox 238 1914 1671 1959; baseline 0.001 -12"><span class='ocrx_word' id='word_1_229' title='bbox 238 1926 358 1948; x_wconf 84' lang='lat' dir='ltr'><strong>omnes</strong></span> <span class='ocrx_word' id='word_1_230' title='bbox 386 1916 568 1947; x_wconf 85' lang='lat' dir='ltr'><strong>interiere.</strong></span> <span class='ocrx_word' id='word_1_231' title='bbox 615 1914 711 1959; x_wconf 88' lang='lat' dir='ltr'><strong>quod</strong></span> <span class='ocrx_word' id='word_1_232' title='bbox 740 1915 884 1959; x_wconf 86' lang='lat' dir='ltr'><strong>quidem</strong></span> <span class='ocrx_word' id='word_1_233' title='bbox 921 1915 970 1947; x_wconf 90' lang='lat' dir='ltr'><strong>sic</strong></span> <span class='ocrx_word' id='word_1_234' title='bbox 995 1916 1152 1947; x_wconf 87' lang='lat' dir='ltr'><strong>evenisse</strong></span> <span class='ocrx_word' id='word_1_235' title='bbox 1176 1921 1391 1958; x_wconf 86' lang='lat' dir='ltr'><strong>compertum</strong></span> <span class='ocrx_word' id='word_1_236' title='bbox 1417 1921 1481 1948; x_wconf 79' lang='lat' dir='ltr'><strong>est.</strong></span> <span class='ocrx_word' id='word_1_237' title='bbox 1531 1915 1591 1948; x_wconf 88' lang='lat' dir='ltr'><strong>ubi</strong></span> <span class='ocrx_word' id='word_1_238' title='bbox 1617 1921 1671 1948; x_wconf 80' lang='lat' dir='ltr'><strong>est</strong></span> 
     </span>
     <span class='ocr_line' id='line_1_27' title="bbox 240 1960 1672 2004; baseline 0.001 -12"><span class='ocrx_word' id='word_1_239' title='bbox 240 1972 377 1995; x_wconf 86' lang='lat' dir='ltr'><strong>rumore</strong></span> <span class='ocrx_word' id='word_1_240' title='bbox 403 1961 549 1993; x_wconf 80' lang='lat' dir='ltr'><strong>allatum</strong></span> <span class='ocrx_word' id='word_1_241' title='bbox 589 1960 634 1993; x_wconf 82' lang='lat' dir='ltr'><strong>ad</strong></span> <span class='ocrx_word' id='word_1_242' title='bbox 669 1971 784 2004; x_wconf 85' lang='lat' dir='ltr'><strong>regem</strong></span> <span class='ocrx_word' id='word_1_243' title='bbox 817 1961 969 1994; x_wconf 72' lang='lat' dir='ltr'><strong>Notat-ae</strong></span> <span class='ocrx_word' id='word_1_244' title='bbox 1001 1972 1076 1994; x_wconf 85' lang='lat' dir='ltr'><strong>esse</strong></span> <span class='ocrx_word' id='word_1_245' title='bbox 1104 1962 1215 1993; x_wconf 87' lang='lat' dir='ltr'><strong>filium</strong></span> <span class='ocrx_word' id='word_1_246' title='bbox 1251 1967 1370 1994; x_wconf 82' lang='lat' dir='ltr'><strong>natum</strong></span> <span class='ocrx_word' id='word_1_247' title='bbox 1398 1973 1508 1995; x_wconf 82' lang='lat' dir='ltr'><strong>annos</strong></span> <span class='ocrx_word' id='word_1_248' title='bbox 1533 1962 1672 1994; x_wconf 81' lang='lat' dir='ltr'><strong>circiter</strong></span> 
     </span>
     <span class='ocr_line' id='line_1_28' title="bbox 239 2006 1671 2051; baseline 0.001 -12"><span class='ocrx_word' id='word_1_249' title='bbox 239 2007 445 2046; x_wconf 81' lang='lat' dir='ltr'><strong>duodecim,</strong></span> <span class='ocrx_word' id='word_1_250' title='bbox 482 2017 589 2039; x_wconf 87' lang='lat' dir='ltr'><strong>unum</strong></span> <span class='ocrx_word' id='word_1_251' title='bbox 626 2006 669 2039; x_wconf 87' lang='lat' dir='ltr'><strong>de</strong></span> <span class='ocrx_word' id='word_1_252' title='bbox 696 2009 766 2039; x_wconf 87' lang='lat' dir='ltr'><strong>suis</strong></span> <span class='ocrx_word' id='word_1_253' title='bbox 798 2009 975 2051; x_wconf 82' lang='lat' dir='ltr'><strong>pincernis</strong></span> <span class='ocrx_word' id='word_1_254' title='bbox 1003 2008 1100 2040; x_wconf 87' lang='lat' dir='ltr'><strong>misit</strong></span> <span class='ocrx_word' id='word_1_255' title='bbox 1126 2008 1277 2051; x_wconf 85' lang='lat' dir='ltr'><strong>petitum</strong></span> <span class='ocrx_word' id='word_1_256' title='bbox 1314 2018 1472 2051; x_wconf 86' lang='lat' dir='ltr'><strong>puerum.</strong></span> <span class='ocrx_word' id='word_1_257' title='bbox 1521 2007 1671 2040; x_wconf 77' lang='lat' dir='ltr'><strong>Notaras</strong></span> 
     </span>
     <span class='ocr_line' id='line_1_29' title="bbox 238 2053 1671 2098; baseline 0 -12"><span class='ocrx_word' id='word_1_258' title='bbox 238 2059 428 2098; x_wconf 78' lang='lat' dir='ltr'><strong>postquam</strong></span> <span class='ocrx_word' id='word_1_259' title='bbox 453 2053 588 2096; x_wconf 84' lang='lat' dir='ltr'><strong>accepit</strong></span> <span class='ocrx_word' id='word_1_260' title='bbox 607 2064 649 2085; x_wconf 79' lang='lat' dir='ltr'><strong>ex</strong></span> <span class='ocrx_word' id='word_1_261' title='bbox 672 2053 839 2096; x_wconf 84' lang='lat' dir='ltr'><strong>pincerna</strong></span> <span class='ocrx_word' id='word_1_262' title='bbox 866 2055 954 2097; x_wconf 83' lang='lat' dir='ltr'><strong>regis</strong></span> <span class='ocrx_word' id='word_1_263' title='bbox 978 2054 1208 2092; x_wconf 87' lang='lat' dir='ltr'><strong>voluntatem,</strong></span> <span class='ocrx_word' id='word_1_264' title='bbox 1234 2054 1382 2096; x_wconf 78' lang='lat' dir='ltr'><strong>graviter</strong></span> <span class='ocrx_word' id='word_1_265' title='bbox 1406 2054 1458 2085; x_wconf 76' lang='lat' dir='ltr'><strong>ira</strong></span> <span class='ocrx_word' id='word_1_266' title='bbox 1483 2064 1671 2087; x_wconf 76' lang='lat' dir='ltr'><strong>succensus</strong></span> 
     </span>
     <span class='ocr_line' id='line_1_30' title="bbox 240 2099 1670 2144; baseline -0.001 -12"><span class='ocrx_word' id='word_1_267' title='bbox 240 2105 303 2138; x_wconf 80' lang='lat' dir='ltr'><strong>est,</strong></span> <span class='ocrx_word' id='word_1_268' title='bbox 329 2100 468 2143; x_wconf 84' lang='lat' dir='ltr'><strong>sibique</strong></span> <span class='ocrx_word' id='word_1_269' title='bbox 505 2109 581 2131; x_wconf 84' lang='lat' dir='ltr'><strong>eam</strong></span> <span class='ocrx_word' id='word_1_270' title='bbox 615 2100 825 2143; x_wconf 82' lang='lat' dir='ltr'><strong>petitionem</strong></span> <span class='ocrx_word' id='word_1_271' title='bbox 860 2099 1046 2132; x_wconf 81' lang='lat' dir='ltr'><strong>admodum</strong></span> <span class='ocrx_word' id='word_1_272' title='bbox 1083 2100 1317 2144; x_wconf 82' lang='lat' dir='ltr'><strong>periculosam</strong></span> <span class='ocrx_word' id='word_1_273' title='bbox 1349 2104 1385 2132; x_wconf 89' lang='lat' dir='ltr'><strong>et</strong></span> <span class='ocrx_word' id='word_1_274' title='bbox 1408 2099 1670 2132; x_wconf 81' lang='lat' dir='ltr'><strong>intolerandam</strong></span> 
     </span>
     <span class='ocr_line' id='line_1_31' title="bbox 240 2145 1668 2189; baseline -0.001 -11"><span class='ocrx_word' id='word_1_275' title='bbox 240 2147 316 2178; x_wconf 84' lang='lat' dir='ltr'><strong>fore</strong></span> <span class='ocrx_word' id='word_1_276' title='bbox 342 2145 532 2178; x_wconf 84' lang='lat' dir='ltr'><strong>iudicabat.</strong></span> <span class='ocrx_word' id='word_1_277' title='bbox 587 2151 623 2178; x_wconf 88' lang='lat' dir='ltr'><strong>et</strong></span> <span class='ocrx_word' id='word_1_278' title='bbox 657 2145 707 2177; x_wconf 89' lang='lat' dir='ltr'><strong>sic</strong></span> <span class='ocrx_word' id='word_1_279' title='bbox 735 2146 964 2189; x_wconf 87' lang='lat' dir='ltr'><strong>compellavit</strong></span> <span class='ocrx_word' id='word_1_280' title='bbox 994 2146 1196 2189; x_wconf 83' lang='lat' dir='ltr'><strong>pincernam</strong></span> <span class='ocrx_word' id='word_1_281' title='bbox 1234 2146 1366 2188; x_wconf 86' lang='lat' dir='ltr'><strong>regium</strong></span> <span class='ocrx_word' id='word_1_282' title='bbox 1402 2150 1447 2177; x_wconf 86' lang='lat' dir='ltr'><strong>“o</strong></span> <span class='ocrx_word' id='word_1_283' title='bbox 1486 2146 1668 2189; x_wconf 85' lang='lat' dir='ltr'><strong>pincerna,</strong></span> 
     </span>
     <span class='ocr_line' id='line_1_32' title="bbox 239 2191 1670 2235; baseline 0.001 -12"><span class='ocrx_word' id='word_1_284' title='bbox 239 2191 334 2223; x_wconf 86' lang='lat' dir='ltr'><strong>hand</strong></span> <span class='ocrx_word' id='word_1_285' title='bbox 366 2191 549 2224; x_wconf 85' lang='lat' dir='ltr'><strong>ferendum</strong></span> <span class='ocrx_word' id='word_1_286' title='bbox 585 2196 638 2223; x_wconf 89' lang='lat' dir='ltr'><strong>est</strong></span> <span class='ocrx_word' id='word_1_287' title='bbox 672 2202 785 2234; x_wconf 83' lang='lat' dir='ltr'><strong>regem</strong></span> <span class='ocrx_word' id='word_1_288' title='bbox 819 2191 904 2223; x_wconf 74' lang='lat' dir='ltr'><strong>mihi</strong></span> <span class='ocrx_word' id='word_1_289' title='bbox 940 2191 1069 2224; x_wconf 85' lang='lat' dir='ltr'><strong>liberos</strong></span> <span class='ocrx_word' id='word_1_290' title='bbox 1093 2191 1186 2224; x_wconf 82' lang='lat' dir='ltr'><strong>velle</strong></span> <span class='ocrx_word' id='word_1_291' title='bbox 1219 2194 1371 2235; x_wconf 76' lang='lat' dir='ltr'><strong>eripere,</strong></span> <span class='ocrx_word' id='word_1_292' title='bbox 1407 2201 1484 2223; x_wconf 89' lang='lat' dir='ltr'><strong>cum</strong></span> <span class='ocrx_word' id='word_1_293' title='bbox 1509 2191 1599 2224; x_wconf 83' lang='lat' dir='ltr'><strong>nihil</strong></span> <span class='ocrx_word' id='word_1_294' title='bbox 1624 2193 1670 2224; x_wconf 79' lang='lat' dir='ltr'><strong>sit</strong></span> 
     </span>
     <span class='ocr_line' id='line_1_33' title="bbox 241 2235 1668 2282; baseline -0.001 -13"><span class='ocrx_word' id='word_1_295' title='bbox 241 2237 337 2282; x_wconf 87' lang='lat' dir='ltr'><strong>quod</strong></span> <span class='ocrx_word' id='word_1_296' title='bbox 362 2238 499 2270; x_wconf 84' lang='lat' dir='ltr'><strong>crimini</strong></span> <span class='ocrx_word' id='word_1_297' title='bbox 523 2237 594 2276; x_wconf 84' lang='lat' dir='ltr'><strong>det,</strong></span> <span class='ocrx_word' id='word_1_298' title='bbox 623 2247 701 2268; x_wconf 90' lang='lat' dir='ltr'><strong>cum</strong></span> <span class='ocrx_word' id='word_1_299' title='bbox 727 2238 836 2269; x_wconf 85' lang='lat' dir='ltr'><strong>semel</strong></span> <span class='ocrx_word' id='word_1_300' title='bbox 862 2248 1010 2270; x_wconf 85' lang='lat' dir='ltr'><strong>errorem</strong></span> <span class='ocrx_word' id='word_1_301' title='bbox 1038 2238 1218 2270; x_wconf 83' lang='lat' dir='ltr'><strong>remiserit.</strong></span> <span class='ocrx_word' id='word_1_302' title='bbox 1269 2238 1320 2269; x_wconf 90' lang='lat' dir='ltr'><strong>sin</strong></span> <span class='ocrx_word' id='word_1_303' title='bbox 1348 2235 1382 2268; x_wconf 88' lang='lat' dir='ltr'><strong>id</strong></span> <span class='ocrx_word' id='word_1_304' title='bbox 1407 2237 1514 2269; x_wconf 76' lang='lat' dir='ltr'><strong>fixum</strong></span> <span class='ocrx_word' id='word_1_305' title='bbox 1535 2242 1668 2269; x_wconf 86' lang='lat' dir='ltr'><strong>ratum-</strong></span> 
     </span>
     <span class='ocr_line' id='line_1_34' title="bbox 241 2283 1665 2328; baseline 0 -12"><span class='ocrx_word' id='word_1_306' title='bbox 241 2295 310 2328; x_wconf 85' lang='lat' dir='ltr'><strong>que</strong></span> <span class='ocrx_word' id='word_1_307' title='bbox 346 2283 446 2316; x_wconf 79' lang='lat' dir='ltr'><strong>sedet</strong></span> <span class='ocrx_word' id='word_1_308' title='bbox 489 2284 526 2316; x_wconf 87' lang='lat' dir='ltr'><strong>in</strong></span> <span class='ocrx_word' id='word_1_309' title='bbox 565 2283 682 2315; x_wconf 82' lang='lat' dir='ltr'><strong>animo</strong></span> <span class='ocrx_word' id='word_1_310' title='bbox 708 2284 809 2325; x_wconf 82' lang='lat' dir='ltr'><strong>regis,</strong></span> <span class='ocrx_word' id='word_1_311' title='bbox 836 2294 943 2327; x_wconf 83' lang='lat' dir='ltr'><strong>quare</strong></span> <span class='ocrx_word' id='word_1_312' title='bbox 978 2295 1049 2316; x_wconf 85' lang='lat' dir='ltr'><strong>non</strong></span> <span class='ocrx_word' id='word_1_313' title='bbox 1085 2284 1234 2326; x_wconf 86' lang='lat' dir='ltr'><strong>imperat</strong></span> <span class='ocrx_word' id='word_1_314' title='bbox 1273 2288 1311 2315; x_wconf 89' lang='lat' dir='ltr'><strong>ut</strong></span> <span class='ocrx_word' id='word_1_315' title='bbox 1343 2294 1408 2315; x_wconf 88' lang='lat' dir='ltr'><strong>nos</strong></span> <span class='ocrx_word' id='word_1_316' title='bbox 1445 2283 1665 2327; x_wconf 83' lang='lat' dir='ltr'><strong>turpissimae</strong></span> 
     </span>
     <span class='ocr_line' id='line_1_35' title="bbox 240 2328 1668 2374; baseline 0 -13"><span class='ocrx_word' id='word_1_317' title='bbox 240 2330 345 2362; x_wconf 80' lang='lat' dir='ltr'><strong>morti</strong></span> <span class='ocrx_word' id='word_1_318' title='bbox 372 2330 502 2362; x_wconf 82' lang='lat' dir='ltr'><strong>liberos</strong></span> <span class='ocrx_word' id='word_1_319' title='bbox 526 2335 664 2364; x_wconf 89' lang='lat' dir='ltr'><strong>nostros</strong></span> <span class='ocrx_word' id='word_1_320' title='bbox 689 2329 909 2361; x_wconf 78' lang='lat' dir='ltr'><strong>tradamus?·&#39;’</strong></span> <span class='ocrx_word' id='word_1_321' title='bbox 937 2329 1023 2361; x_wconf 86' lang='lat' dir='ltr'><strong>haec</strong></span> <span class='ocrx_word' id='word_1_322' title='bbox 1058 2330 1194 2361; x_wconf 77' lang='lat' dir='ltr'><strong>locutus</strong></span> <span class='ocrx_word' id='word_1_323' title='bbox 1220 2328 1359 2361; x_wconf 81' lang='lat' dir='ltr'><strong>addidit</strong></span> <span class='ocrx_word' id='word_1_324' title='bbox 1383 2339 1420 2362; x_wconf 86' lang='lat' dir='ltr'><strong>se</strong></span> <span class='ocrx_word' id='word_1_325' title='bbox 1444 2339 1668 2374; x_wconf 82' lang='lat' dir='ltr'><strong>nequaquam</strong></span> 
     </span>
     <span class='ocr_line' id='line_1_36' title="bbox 242 2375 1671 2420; baseline 0 -12"><span class='ocrx_word' id='word_1_326' title='bbox 242 2377 354 2408; x_wconf 84' lang='lat' dir='ltr'><strong>filium</strong></span> <span class='ocrx_word' id='word_1_327' title='bbox 383 2377 453 2418; x_wconf 79' lang='lat' dir='ltr'><strong>regi</strong></span> <span class='ocrx_word' id='word_1_328' title='bbox 481 2376 615 2420; x_wconf 87' lang='lat' dir='ltr'><strong>petenti</strong></span> <span class='ocrx_word' id='word_1_329' title='bbox 642 2375 826 2414; x_wconf 85' lang='lat' dir='ltr'><strong>daturum,</strong></span> <span class='ocrx_word' id='word_1_330' title='bbox 863 2386 938 2407; x_wconf 89' lang='lat' dir='ltr'><strong>cum</strong></span> <span class='ocrx_word' id='word_1_331' title='bbox 981 2375 1114 2407; x_wconf 86' lang='lat' dir='ltr'><strong>nullam</strong></span> <span class='ocrx_word' id='word_1_332' title='bbox 1149 2375 1184 2406; x_wconf 91' lang='lat' dir='ltr'><strong>in</strong></span> <span class='ocrx_word' id='word_1_333' title='bbox 1219 2376 1333 2419; x_wconf 87' lang='lat' dir='ltr'><strong>ipsum</strong></span> <span class='ocrx_word' id='word_1_334' title='bbox 1359 2375 1574 2408; x_wconf 86' lang='lat' dir='ltr'><strong>commiserit</strong></span> <span class='ocrx_word' id='word_1_335' title='bbox 1597 2375 1671 2408; x_wconf 88' lang='lat' dir='ltr'><strong>cul-</strong></span> 
     </span>
     <span class='ocr_line' id='line_1_37' title="bbox 242 2421 1711 2466; baseline 0.001 -13"><span class='ocrx_word' id='word_1_336' title='bbox 242 2433 334 2466; x_wconf 80' lang='lat' dir='ltr'><strong>pam.</strong></span> <span class='ocrx_word' id='word_1_337' title='bbox 383 2422 572 2466; x_wconf 80' lang='lat' dir='ltr'><strong>pincernae</strong></span> <span class='ocrx_word' id='word_1_338' title='bbox 609 2426 726 2453; x_wconf 83' lang='lat' dir='ltr'><strong>autem</strong></span> <span class='ocrx_word' id='word_1_339' title='bbox 753 2421 951 2464; x_wconf 83' lang='lat' dir='ltr'><strong>obiurganti</strong></span> <span class='ocrx_word' id='word_1_340' title='bbox 983 2426 1018 2453; x_wconf 86' lang='lat' dir='ltr'><strong>et</strong></span> <span class='ocrx_word' id='word_1_341' title='bbox 1050 2422 1207 2453; x_wconf 86' lang='lat' dir='ltr'><strong>monenti</strong></span> <span class='ocrx_word' id='word_1_342' title='bbox 1236 2432 1280 2453; x_wconf 87' lang='lat' dir='ltr'><strong>ne</strong></span> <span class='ocrx_word' id='word_1_343' title='bbox 1309 2421 1395 2453; x_wconf 76' lang='lat' dir='ltr'><strong>talia</strong></span> <span class='ocrx_word' id='word_1_344' title='bbox 1420 2426 1456 2453; x_wconf 87' lang='lat' dir='ltr'><strong>et</strong></span> <span class='ocrx_word' id='word_1_345' title='bbox 1480 2421 1614 2454; x_wconf 77' lang='lat' dir='ltr'><strong>diceret</strong></span> <span class='ocrx_word' id='word_1_346' title='bbox 1636 2426 1672 2454; x_wconf 81' lang='lat' dir='ltr'><strong>et</strong></span> <span class='ocrx_word' id='word_1_347' title='bbox 1710 2463 1711 2466; x_wconf 13' lang='grc' dir='ltr'><strong>Ἰ</strong></span> 
     </span>
     <span class='ocr_line' id='line_1_38' title="bbox 244 2467 1709 2512; baseline -0.001 -12"><span class='ocrx_word' id='word_1_348' title='bbox 244 2469 377 2500; x_wconf 76' lang='lat' dir='ltr'><strong>faceret</strong></span> <span class='ocrx_word' id='word_1_349' title='bbox 402 2469 439 2500; x_wconf 90' lang='lat' dir='ltr'><strong>in</strong></span> <span class='ocrx_word' id='word_1_350' title='bbox 465 2479 590 2511; x_wconf 85' lang='lat' dir='ltr'><strong>regem,</strong></span> <span class='ocrx_word' id='word_1_351' title='bbox 615 2468 715 2512; x_wconf 83' lang='lat' dir='ltr'><strong>quasi</strong></span> <span class='ocrx_word' id='word_1_352' title='bbox 745 2467 841 2499; x_wconf 85' lang='lat' dir='ltr'><strong>illico</strong></span> <span class='ocrx_word' id='word_1_353' title='bbox 868 2467 1057 2511; x_wconf 84' lang='lat' dir='ltr'><strong>periturus,</strong></span> <span class='ocrx_word' id='word_1_354' title='bbox 1084 2477 1155 2498; x_wconf 90' lang='lat' dir='ltr'><strong>non</strong></span> <span class='ocrx_word' id='word_1_355' title='bbox 1180 2467 1451 2510; x_wconf 85' lang='lat' dir='ltr'><strong>obtemperavit.</strong></span> <span class='ocrx_word' id='word_1_356' title='bbox 1499 2468 1669 2511; x_wconf 77' lang='lat' dir='ltr'><strong>pincerna</strong></span> <span class='ocrx_word' id='word_1_357' title='bbox 1708 2468 1709 2471; x_wconf 77' lang='grc'>’</span> 
     </span>
     <span class='ocr_line' id='line_1_39' title="bbox 245 2512 1673 2558; baseline 0 -12"><span class='ocrx_word' id='word_1_358' title='bbox 245 2515 353 2557; x_wconf 81' lang='lat' dir='ltr'><strong>igitur</strong></span> <span class='ocrx_word' id='word_1_359' title='bbox 379 2525 535 2547; x_wconf 87' lang='lat' dir='ltr'><strong>reversus</strong></span> <span class='ocrx_word' id='word_1_360' title='bbox 569 2513 614 2546; x_wconf 84' lang='lat' dir='ltr'><strong>ad</strong></span> <span class='ocrx_word' id='word_1_361' title='bbox 647 2524 760 2556; x_wconf 77' lang='lat' dir='ltr'><strong>regem</strong></span> <span class='ocrx_word' id='word_1_362' title='bbox 803 2524 1006 2558; x_wconf 83' lang='lat' dir='ltr'><strong>responsum</strong></span> <span class='ocrx_word' id='word_1_363' title='bbox 1041 2512 1135 2557; x_wconf 83' lang='lat' dir='ltr'><strong>quod</strong></span> <span class='ocrx_word' id='word_1_364' title='bbox 1162 2513 1204 2544; x_wconf 85' lang='lat' dir='ltr'><strong>ab</strong></span> <span class='ocrx_word' id='word_1_365' title='bbox 1235 2513 1367 2546; x_wconf 82' lang='lat' dir='ltr'><strong>Notara</strong></span> <span class='ocrx_word' id='word_1_366' title='bbox 1399 2518 1582 2557; x_wconf 79' lang='lat' dir='ltr'><strong>acceperat</strong></span> <span class='ocrx_word' id='word_1_367' title='bbox 1607 2524 1673 2546; x_wconf 85' lang='lat' dir='ltr'><strong>ex-</strong></span> 
     </span>
     <span class='ocr_line' id='line_1_40' title="bbox 245 2559 1672 2604; baseline -0.001 -13"><span class='ocrx_word' id='word_1_368' title='bbox 245 2561 430 2604; x_wconf 83' lang='lat' dir='ltr'><strong>prompsit.</strong></span> <span class='ocrx_word' id='word_1_369' title='bbox 481 2571 540 2592; x_wconf 73' lang='lat' dir='ltr'><strong>rex</strong></span> <span class='ocrx_word' id='word_1_370' title='bbox 566 2560 675 2592; x_wconf 88' lang='lat' dir='ltr'><strong>iratus</strong></span> <span class='ocrx_word' id='word_1_371' title='bbox 716 2560 897 2604; x_wconf 85' lang='lat' dir='ltr'><strong>praecepit</strong></span> <span class='ocrx_word' id='word_1_372' title='bbox 920 2564 959 2591; x_wconf 87' lang='lat' dir='ltr'><strong>ut</strong></span> <span class='ocrx_word' id='word_1_373' title='bbox 985 2559 1147 2591; x_wconf 77' lang='lat' dir='ltr'><strong>Notnram</strong></span> <span class='ocrx_word' id='word_1_374' title='bbox 1175 2570 1252 2591; x_wconf 85' lang='lat' dir='ltr'><strong>cum</strong></span> <span class='ocrx_word' id='word_1_375' title='bbox 1281 2559 1415 2599; x_wconf 81' lang='lat' dir='ltr'><strong>liberis,</strong></span> <span class='ocrx_word' id='word_1_376' title='bbox 1440 2570 1529 2603; x_wconf 80' lang='lat' dir='ltr'><strong>quos</strong></span> <span class='ocrx_word' id='word_1_377' title='bbox 1556 2569 1672 2592; x_wconf 71' lang='lat' dir='ltr'><strong>secum</strong></span> 
     </span>
     <span class='ocr_line' id='line_1_41' title="bbox 245 2604 1698 2650; baseline -0.001 -13"><span class='ocrx_word' id='word_1_378' title='bbox 245 2605 405 2646; x_wconf 80' lang='lat' dir='ltr'><strong>haberet,</strong></span> <span class='ocrx_word' id='word_1_379' title='bbox 433 2607 601 2638; x_wconf 87' lang='lat' dir='ltr'><strong>continuo</strong></span> <span class='ocrx_word' id='word_1_380' title='bbox 626 2604 842 2638; x_wconf 82' lang='lat' dir='ltr'><strong>abducerent</strong></span> <span class='ocrx_word' id='word_1_381' title='bbox 869 2610 905 2637; x_wconf 85' lang='lat' dir='ltr'><strong>et</strong></span> <span class='ocrx_word' id='word_1_382' title='bbox 931 2606 1007 2638; x_wconf 87' lang='lat' dir='ltr'><strong>neci</strong></span> <span class='ocrx_word' id='word_1_383' title='bbox 1035 2604 1169 2636; x_wconf 80' lang='lat' dir='ltr'><strong>darent.</strong></span> <span class='ocrx_word' id='word_1_384' title='bbox 1225 2604 1299 2644; x_wconf 86' lang='lat' dir='ltr'><strong>hos,</strong></span> <span class='ocrx_word' id='word_1_385' title='bbox 1326 2605 1456 2650; x_wconf 89' lang='lat' dir='ltr'><strong>quibus</strong></span> <span class='ocrx_word' id='word_1_386' title='bbox 1478 2604 1513 2637; x_wconf 82' lang='lat' dir='ltr'><strong>id</strong></span> <span class='ocrx_word' id='word_1_387' title='bbox 1539 2605 1673 2647; x_wconf 83' lang='lat' dir='ltr'><strong>negotii</strong></span> <span class='ocrx_word' id='word_1_388' title='bbox 1695 2642 1698 2643; x_wconf 19' lang='lat'><em>⁷</em></span> 
     </span>
     <span class='ocr_line' id='line_1_42' title="bbox 247 2650 1673 2696; baseline 0 -14"><span class='ocrx_word' id='word_1_389' title='bbox 247 2652 444 2684; x_wconf 83' lang='lat' dir='ltr'><strong>iniunctum</strong></span> <span class='ocrx_word' id='word_1_390' title='bbox 471 2659 558 2692; x_wconf 81' lang='lat' dir='ltr'><strong>erat,</strong></span> <span class='ocrx_word' id='word_1_391' title='bbox 583 2662 660 2684; x_wconf 87' lang='lat' dir='ltr'><strong>cum</strong></span> <span class='ocrx_word' id='word_1_392' title='bbox 685 2651 920 2690; x_wconf 78' lang='lat' dir='ltr'><strong>advenissent,</strong></span> <span class='ocrx_word' id='word_1_393' title='bbox 950 2652 1084 2695; x_wconf 77' lang='lat' dir='ltr'><strong>rogavit</strong></span> <span class='ocrx_word' id='word_1_394' title='bbox 1110 2652 1257 2684; x_wconf 80' lang='lat' dir='ltr'><strong>Notaras</strong></span> <span class='ocrx_word' id='word_1_395' title='bbox 1287 2657 1325 2684; x_wconf 89' lang='lat' dir='ltr'><strong>ut</strong></span> <span class='ocrx_word' id='word_1_396' title='bbox 1348 2653 1460 2696; x_wconf 87' lang='lat' dir='ltr'><strong>primo</strong></span> <span class='ocrx_word' id='word_1_397' title='bbox 1485 2650 1616 2686; x_wconf 79' lang='lat' dir='ltr'><strong>liberos</strong></span> <span class='ocrx_word' id='word_1_398' title='bbox 1637 2651 1673 2682; x_wconf 89' lang='lat' dir='ltr'><strong>iu</strong></span> 
     </span>
     <span class='ocr_line' id='line_1_43' title="bbox 247 2696 1674 2742; baseline -0.001 -13"><span class='ocrx_word' id='word_1_399' title='bbox 247 2703 438 2742; x_wconf 82' lang='lat' dir='ltr'><strong>conspectu</strong></span> <span class='ocrx_word' id='word_1_400' title='bbox 469 2710 533 2731; x_wconf 90' lang='lat' dir='ltr'><strong>suo</strong></span> <span class='ocrx_word' id='word_1_401' title='bbox 558 2697 762 2731; x_wconf 86' lang='lat' dir='ltr'><strong>occiderent</strong></span> <span class='ocrx_word' id='word_1_402' title='bbox 788 2703 823 2731; x_wconf 90' lang='lat' dir='ltr'><strong>et</strong></span> <span class='ocrx_word' id='word_1_403' title='bbox 843 2702 1022 2742; x_wconf 80' lang='lat' dir='ltr'><strong>postremo</strong></span> <span class='ocrx_word' id='word_1_404' title='bbox 1053 2698 1088 2729; x_wconf 90' lang='lat' dir='ltr'><strong>in</strong></span> <span class='ocrx_word' id='word_1_405' title='bbox 1115 2709 1150 2730; x_wconf 80' lang='lat' dir='ltr'><strong>se</strong></span> <span class='ocrx_word' id='word_1_406' title='bbox 1179 2696 1300 2730; x_wconf 82' lang='lat' dir='ltr'><strong>hostili</strong></span> <span class='ocrx_word' id='word_1_407' title='bbox 1326 2697 1418 2731; x_wconf 82' lang='lat' dir='ltr'><strong>ferro</strong></span> <span class='ocrx_word' id='word_1_408' title='bbox 1442 2702 1593 2730; x_wconf 87' lang='lat' dir='ltr'><strong>ruerent.</strong></span> <span class='ocrx_word' id='word_1_409' title='bbox 1638 2702 1674 2728; x_wconf 83' lang='lat' dir='ltr'><strong>at</strong></span> 
     </span>
    </p>
   </div>
  </div>
 </body>
</html>
