1858 3210
530 174 603 213 DE
645 169 1104 221 REBUS,TURC1CIS
1145 171 1192 210 L.
1218 172 1270 210 V.
1557 158 1654 207 279

188 269 346 322 ταύτας
383 274 429 315 δὲ
459 271 534 320 τὰς
576 270 757 324 ἰσχάδας
805 270 863 319 αἱς
900 266 1180 310 ἑσκευοὶσαντο
1221 265 1332 312 οὕτω
1363 269 1435 309 καί
1463 265 1658 314 ἐπί-τούς

187 338 392 395 ἡμιόνους
430 339 706 392 ἀνετίθεσαν,
751 332 860 378 ὥστε
903 333 1115 378 δύνασθαι
1165 336 1310 391 φέρειν
1354 334 1427 376 ἕνα
1471 335 1657 387 ἕκαστον,

186 402 370 461 ἤλαυνον
408 405 479 447 ἐπὶ
516 403 595 458 τὴν
630 404 703 445 τοῦ
729 397 944 456 ’Λλβάρου
984 401 1154 457 σκηνήν.
1210 401 1282 443 τὸν
1312 402 1386 454 δέ,
1416 398 1473 449 ὥς
1500 401 1658 453 ἐπέγνω

189 469 237 514 τό
264 473 310 514 ἐν
337 476 428 520 ταῖς
465 471 614 525 ἰσχάσι
650 470 852 524 χρυσίον,
889 469 1068 523 ἐρέσθαι
1111 466 1184 510 τὸν
1215 469 1402 524 φέροντα
1436 463 1460 508 ὅ
1489 482 1529 508 τι
1556 464 1658 518 βού-

155 540 301 587 saone
332 537 478 585 αὐτοῖς
516 534 564 578 τό
595 536 775 590 χρυσίον
811 535 857 576 ἐν
897 538 989 583 ταῖς
1028 531 1216 589 ἰσχάσιν.
1283 532 1306 574 ὁ
1340 535 1386 575 δὲ
1414 531 1511 582 τούς
1539 529 1660 588 ἧμιὸ-

188 618 287 652 νους
317 601 509 646 ἐλαύνων
544 601 797 656 ἀπεκρίνατο
825 600 884 650 ὥς
912 599 958 643 τὸ
983 602 1165 655 χρυσίον
1192 601 1264 656 τῆς
1291 598 1452 649 πόλεως
1471 615 1661 652 συναγα-

189 669 276 725 γών
305 667 325 711 ὅ
356 666 563 723 βασιλεύς
592 666 832 721 ἐπιπέμπει,
862 669 993 721 λέγων
1012 666 1069 715 ὥς
1086 662 1137 721 ἥν
1160 682 1205 710 τε
1234 665 1330 724 ἕλῃς
1358 664 1436 720 τήν
1455 665 1578 707 πόλιν
1610 660 1660 719 ἦν

190 752 238 778 τε
262 736 322 791 μὴ
353 737 469 792 ἕλῃς,
507 736 632 777 πλέον
671 733 822 776 τούτου
860 732 1026 787 χρυσὸς
1066 733 1143 774 οὐκ
1186 729 1239 774 ἄν
1268 748 1370 774 ποτε
1405 732 1562 786 γένοιτό
1595 747 1661 774 σοι

193 802 276 844 α’πό
307 805 380 857 τῆς
408 801 582 849 πόλεως.
641 803 715 843 καί
741 796 792 857 ἢν
829 798 971 857 ἐξέλῃς
998 798 1074 854 τὴν
1102 798 1246 856 πόλιν,
1273 800 1501 853 α’ποβαλεῖς
1531 801 1662 841 ἐσαῦ-

137 876 181 912 10
194 871 264 918 θις
289 867 373 910 α’πό
406 866 578 922 Λιβύης
610 868 925 909 πολλαπλάσιον
957 866 1156 919 ἐσόμενον
1189 868 1262 909 σοι’
1282 882 1328 908 τε
1359 867 1431 908 καί
1458 867 1581 920 ἡμῖν·
1613 861 1664 920 ἢν

193 937 242 977 δὲ
268 934 326 990 μή
359 937 501 990 ἐξέλῃς
548 932 625 989 τήν
655 933 803 987 πόλιν,
835 935 938 984 ἕξεις
980 932 1052 981 καὶ
1079 934 1156 975 τοῦ
1187 935 1351 986 λοιποῦ,
1385 930 1466 975 ὅσα
1496 930 1549 973 ἂν
1580 931 1661 973 clm}

194 1000 364 1057 Λιβύης
392 1003 435 1050 ἐς
466 999 578 1055 ἡμᾶς
607 1001 854 1055 κομίζηται,
894 998 1192 1051 ταμιεύεσθαι.
1260 1001 1398 1042 ταῦτα
1427 997 1664 1052 πυθόμενον

193 1071 360 1121 λέγεται
398 1067 473 1110 καί
496 1061 742 1120 ”Αλβαρον,
791 1070 978 1122 φέροντα
1010 1065 1086 1116 τοὶς
1111 1066 1293 1120 ἰσχάδας
1312 1101 1322 1121 ,
1356 1066 1589 1123 ἀφικέσθαι
1619 1069 1660 1114 ἐς
1676 1076 1710 1109 Ρ.
1725 1075 1791 1110 148

195 1129 299 1188 ὄψιν
325 1135 384 1191 τῷ
412 1137 610 1189 βασιλεῖ’,
639 1133 712 1175 καὶ
755 1134 1036 1186 διασχι’σαντα
1079 1131 1154 1182 τὰς
1199 1131 1383 1187 ἰσχάδας
1409 1136 1465 1190 τῷ
1495 1136 1716 1186 βασιλεῐν.
1736 1140 1802 1173 116

139 1213 182 1249 15
194 1204 326 1244 εἰπεῖν
355 1195 417 1242 “⁴:13
446 1203 636 1255 βασιλεῦ’,
671 1199 717 1240 τό
749 1201 920 1252 δένδρον
947 1202 1079 1242 ἐκεῖνο
1097 1231 1108 1251 ,
1141 1197 1166 1241 ὃ
1194 1203 1318 1256 φέρει
1345 1202 1533 1242 τοιοῦτον
1561 1200 1664 1253 ἡμῖν

193 1266 379 1323 καρπόν,
419 1266 470 1308 ού
509 1268 645 1315 καλῶς
681 1265 773 1320 ἔχει
814 1266 914 1320 ἡμῖν
948 1267 1200 1321 ἐκκοπῆναι·
1270 1264 1450 1323 τοιούτῳ
1491 1266 1570 1320 γάρ
1598 1281 1663 1307 τοι

195 1333 343 1390 καρπῷ
373 1329 450 1373 οὐκ
481 1330 651 1385 ἔχοιμεν
696 1329 750 1374 ἂν
791 1330 852 1374 ἔτι
897 1333 972 1374 τοῦ
1001 1334 1154 1373 λοιποῦ
1190 1335 1407 1387 χρῆσθαι,
1438 1332 1512 1373 καί
1543 1331 1665 1386 ἡμεῖς

195 1399 328 1441 otiati?
366 1395 418 1440 ιῖν
458 1399 504 1440 ἐν
531 1401 666 1440 δέοντι
705 1402 981 1453 χρησαίμεθα
1019 1400 1069 1454 τῇ
1107 1399 1370 1457 εὐδαιμονία,
1419 1396 1665 1452 κατακόρως

197 1465 308 1521 αὐτῇ
336 1462 654 1521 ἐμφορούμενοι
695 1467 740 1507 ἐν
782 1466 842 1522 τῷ
879 1463 1066 1520 παρόντι.
1124 1464 1228 1522 ὁρᾷς
1254 1465 1312 1513 ὥς
1340 1463 1419 1514 τοὶς
1450 1465 1665 1517 ἀμπέλους

138 1543 186 1580 20
198 1530 487 1587 ἄφαιροῦνται
516 1528 614 1574 ὅσον
644 1529 798 1581 ἱκαναῖς
826 1530 918 1585 ἔχει
954 1527 1082 1581 αὖθις
1113 1532 1362 1573 α’ποδιδόναι
1390 1531 1558 1587 καρπόν.
1616 1527 1666 1585 ἢν

198 1599 247 1640 δὲ
278 1596 486 1652 βιάσηταί
505 1613 567 1648 τις
604 1598 751 1653 αὐτήν,
792 1598 868 1639 οὐκ
894 1597 983 1652 ἔχει
1019 1600 1211 1653 χρῆσθαι
1241 1599 1349 1655 αὐτῇ
1375 1598 1420 1647 ἐς
1447 1596 1493 1639 τό
1530 1599 1666 1640 δέον.”

197 1666 333 1707 ταῦτα
365 1662 604 1707 α’κούσαντα
632 1663 704 1706 τόν
732 1666 928 1718 βασιλέα,
956 1663 1013 1713 ὥς
1050 1662 1188 1715 ἔδοξέν
1211 1663 1249 1706 οἱ
1279 1665 1482 1720 προσφυῆ
1510 1665 1664 1718 λέγειν,

198 1730 430 1785 ἀπαγαγεῖν
457 1729 527 1772 τὸν
558 1730 760 1787 στρατόν.

294 1857 326 1890 7.
351 1858 491 1904 πέμπει
514 1856 725 1903 ἐπιλέγωνῗ
844 1857 878 1890 8.
904 1859 1070 1893 nietam?

204 1981 284 2004 cum
312 1971 570 2016 imposuissent
595 1971 715 2012 mulis,
743 1971 897 2018 profecti
919 1976 1003 2005 sunt
1029 1972 1076 2005 ad
1090 1971 1213 2005 Albari
1239 1971 1448 2005 tentorium.
1500 1972 1564 2016 qui
1593 1972 1668 2006 viso

202 2028 303 2059 auro,
325 2017 424 2064 quod
447 2018 522 2051 ficis
549 2018 734 2051 conditum
763 2024 850 2060 erat,
879 2030 1070 2064 agasonem
1090 2019 1326 2064 interrogavit
1351 2018 1464 2064 “quid
1490 2018 1560 2052 sibi
1592 2020 1671 2053 vult

203 2075 326 2098 aurum
366 2065 441 2098 ficis
467 2065 645 2098 inclusum
661 2065 697 2098 ?''
761 2077 867 2110 agaso
894 2067 1082 2112 respondit
1115 2072 1203 2100 “rex
1236 2077 1362 2099 aurum
1390 2066 1486 2112 quod
1517 2067 1554 2100 in
1581 2066 1669 2099 urbe.

203 2117 258 2146 est
281 2111 429 2156 collegit
453 2124 570 2154 omne,
600 2112 735 2154 dicens,
760 2115 835 2146 sive
863 2115 1026 2160 ceperis,
1056 2115 1131 2148 sive
1159 2126 1232 2147 non
1261 2114 1397 2159 ceperis
1426 2113 1561 2154 urbem,
1586 2114 1668 2158 plus

202 2161 282 2192 auri
315 2171 424 2206 quam
455 2160 604 2193 allatum
633 2166 711 2202 est,
736 2159 833 2193 haud
857 2162 1032 2195 invenies.
1084 2167 1121 2195 et
1145 2163 1174 2195 si
1203 2161 1329 2194 urbem
1361 2166 1500 2205 captam
1526 2160 1670 2194 destru-

202 2208 309 2247 xeris,
335 2207 487 2240 multum
513 2208 612 2248 auri,
650 2208 748 2254 quod
787 2220 830 2242 ex
858 2209 967 2253 Libya
994 2208 1062 2242 tibi
1099 2215 1135 2243 et
1160 2209 1266 2242 nobis
1297 2211 1476 2248 afferetur,
1503 2208 1668 2241 amittes:

203 2255 258 2286 sin
281 2260 401 2288 autem
436 2254 562 2288 urbem
588 2266 662 2288 non
689 2256 867 2296 dirum-is,
901 2257 1039 2302 poteris
1075 2257 1111 2289 in
1149 2261 1331 2302 posterum
1359 2266 1597 2300 quaecunque
1625 2266 1670 2288 ex

203 2300 319 2346 Libya
346 2301 394 2334 ad
419 2313 486 2335 uos
513 2302 754 2344 devenerunt,
796 2304 898 2349 quasi
932 2303 1139 2337 thesaurum
1165 2303 1236 2336 huc
1268 2303 1422 2336 collecta
1448 2303 1669 2346 acquiret-23¹

203 2347 296 2381 haec
320 2359 400 2382 cnm
426 2351 623 2395 accepisset
649 2350 815 2392 Albarus,
839 2357 1005 2396 acceptos
1030 2352 1115 2384 ficos
1141 2350 1274 2384 detulit
1298 2351 1335 2382 in
1354 2354 1585 2395 conspectum
1612 2360 1670 2382 re-

206 2395 282 2440 gis,
323 2407 413 2441 quos
439 2396 612 2431 diducens
653 2403 690 2431 et
729 2398 895 2443 aperiens
927 2399 1051 2444 inquit
1075 2399 1266 2432 “arborem
1291 2399 1395 2430 istam
1413 2422 1424 2438 ,
1452 2407 1547 2442 quae
1574 2396 1670 2429 hunc

205 2441 376 2488 producit
399 2444 565 2487 fructum,
592 2456 668 2479 non
697 2456 826 2479 censeo
855 2445 1134 2479 exscindendam
1163 2457 1262 2479 esse:
1290 2456 1371 2478 nam
1399 2443 1570 2490 deinceps
1594 2455 1671 2477 non

207 2490 360 2535 amplius
388 2490 504 2525 fructu
533 2493 602 2526 isto
630 2503 816 2538 possemus
843 2493 932 2536 srui3
968 2500 1004 2528 et
1029 2505 1125 2526 nunc
1149 2494 1298 2526 saturati
1324 2493 1361 2524 in
1389 2497 1570 2535 posterum
1596 2503 1671 2525 non

207 2536 362 2582 amplius
391 2538 459 2571 ista
487 2538 661 2573 felicitate
689 2542 741 2574 uti
767 2552 962 2586 possemus.
1011 2552 1092 2574 nam
1119 2541 1235 2573 cernis
1263 2540 1436 2572 vinitores
1455 2539 1576 2571 vineas
1601 2550 1670 2584 pu-

206 2589 296 2624 tare,
323 2590 552 2630 amputantes
589 2592 728 2620 tautum
766 2589 910 2622 inutilia
951 2593 987 2621 et
1027 2587 1228 2633 superflua,
1271 2592 1309 2620 ut
1346 2586 1498 2618 fructum
1526 2585 1671 2619 tandem

207 2631 413 2665 uberiorem
451 2632 622 2667 reddant:
667 2634 798 2680 quodsi
832 2646 891 2668 eas
924 2636 1068 2680 penitus
1114 2636 1293 2674 eruerint,
1334 2638 1524 2677 nequeunt
1549 2644 1668 2666 earum

207 2679 352 2719 fructu,
381 2690 461 2712 cum
490 2691 636 2714 necesse
667 2683 793 2723 fuerit,
829 2683 983 2728 amplius
1012 2683 1195 2716 recreari.'’
1244 2680 1298 2714 his
1324 2680 1456 2713 auditis
1485 2692 1561 2721 rex,
1585 2683 1670 2726 quia

206 2726 411 2772 probabilia
437 2727 559 2762 dicere
584 2728 775 2764 videbatur
801 2729 966 2772 Albai-us,
992 2730 1097 2763 iussit
1125 2739 1206 2763 eum
1232 2726 1411 2762 abducere
1438 2728 1644 2762 exercitum.
