1858 3210
520 241 594 279 DE
632 239 807 280 REBUS
846 237 1098 280 TURClClS
1139 239 1186 278 L.
1215 239 1285 278 IX.
1529 229 1622 274 517

162 332 430 379 ἒπεπόνθειτε
459 335 766 391 χαλεπώτατα,
790 336 1066 391 χαριζόμενοι
1108 338 1235 392 α’νδρί
1262 334 1528 392 ἀνοσιωτάτῳ
1556 331 1755 374 accip-275

159 400 288 443 κακόν
322 403 432 457 μέγα
463 401 540 458 τήν
578 405 744 447 Δακιάν
782 403 1114 459 ἐξειργασμένῳ,
1145 399 1234 446 οἷον
1270 401 1442 458 οὐδαμῇ
1473 395 1628 442 ἄλλοθι

158 469 232 523 τῆς
249 470 326 523 γῆς
343 470 416 510 ε’πί
433 467 562 523 οἷκοὴν
580 468 819 524 ἀφικνεῖται
842 467 1085 524 ἢμετέραν.”
1122 471 1256 511 ταῦτα
1276 469 1524 520 ἐπιπέμπων
1540 471 1629 515 τοῖς

157 536 305 590 Δαξίν,
337 530 430 576 ὅσοι
462 536 506 584 ές
528 532 574 577 τὸ
606 536 854 585 ἐξωνεῖσθαι
874 537 996 589 σφῶν
1017 536 1159 576 αὐτῶν
1178 534 1230 576 τὰ
1262 532 1511 588 ἀνδράποδα
1543 535 1630 574 διέ-

124 601 334 653 5βαινον,
373 598 519 642 ἔπειθέ
547 615 614 652 τε,
657 601 731 642 καί
774 606 860 649 τοῖς
898 595 1042 649 ἄλλοις
1082 601 1215 641 εἰπεῖν
1252 602 1442 641 ἐκέλευεν
1470 600 1632 641 ἐπιέναι

157 666 429 720 θαρροῦντας
469 668 532 709 ἐπ’
562 664 705 708 αὕτὸν.
778 660 896 707 οὗτοι
941 668 1021 718 μὲν
1063 661 1140 708 οὖν
1182 667 1398 715 συνιόντες
1445 663 1632 720 ἔγνωσαν

157 731 307 786 σφίσιν
333 729 590 787 αἱρετώτερα
620 727 726 773 εἶναι
753 728 782 786 ἢ
809 729 861 772 τοὶ
893 731 1066 773 Biddon,
1096 733 1170 773 τοῦ
1196 731 1412 788 ἡγεμόνος,
1443 730 1516 772 καί
1543 730 1632 773 ἰόν..

157 811 226 845 τες
253 795 325 839 ἒπί
350 797 421 840 τὸν
450 797 653 853 νεώτερον
672 799 940 851 συνελέγοντο
960 801 1053 839 κατ’
1081 797 1256 852 ὀλίγους.
1288 797 1361 840 καί
1377 799 1433 847 ὥς
1451 793 1668 855 ᾔσθοντοΒ

160 861 200 905 οἱ
231 866 372 907 λοιποὶ
397 866 562 917 Δᾶκες,
605 860 757 906 αὐτίκα
791 862 1063 914 α’πολιπόντες
1095 863 1167 906 τόν
1201 862 1374 908 Βλάδον
1401 860 1530 921 ᾔεσαν
1562 866 1634 906 ἑπί

98 939 140 974 10
158 927 227 972 τὸν
258 928 458 986 ἀδελφόν.
525 931 599 972 καί
642 927 699 980 ὥς
729 933 929 984 συνελέγη
959 932 1075 988 αὐτῷ
1102 932 1368 986 στράτευμα,
1396 928 1527 972 ἐπιών
1559 947 1634 971 κα-

158 997 419 1052 τεστρέψατο
465 996 543 1051 τήν
584 994 747 1051 α’ρχήν,
787 999 861 1038 καί
907 996 1164 1050 ἑπαγόμενος
1207 996 1297 1050 ἅμα
1341 996 1525 1052 στρατὸν
1560 1000 1636 1038 τοῦ

158 1065 368 1116 βασιλέως
393 1061 630 1118 ὑπηγάγετο
659 1063 734 1117 τὴν
759 1061 923 1117 χώραν.
992 1062 1014 1103 ὅ
1042 1065 1122 1116 μὲν
1152 1059 1230 1105 οὖν
1247 1064 1444 1119 ἀδελφός,
1475 1063 1533 1113 ὥς
1560 1079 1636 1117 με-

157 1127 364 1182 τέστησαν
405 1126 476 1169 ἐπὶ
505 1126 577 1170 τόν
605 1126 794 1184 ἀδελφόν
835 1125 873 1169 οἱ
904 1130 1070 1183 Δᾶκες,
1100 1131 1175 1171 καί
1197 1127 1312 1183 ἔγνω·
1335 1129 1386 1185 δή
1419 1127 1476 1179 ὥς
1499 1130 1637 1184 μάτην

159 1191 225 1248 εἴη
253 1195 450 1236 τοσοῦτον
481 1191 608 1250 φόνον
650 1192 857 1250 πρότερον
895 1195 1242 1249 ἐξειργασμένος,
1286 1190 1421 1253 ᾤχετο
1464 1197 1507 1246 ές
1535 1197 1635 1246 τούς

104 1272 148 1307 15
162 1260 373 1308 Παίονας.

160 1418 308 1452 Daciam
333 1418 454 1451 affecit
475 1417 580 1451 clade
622 1418 787 1451 maxima.
851 1417 1102 1451 huiuscemodi
1137 1417 1276 1452 cladem
1304 1429 1372 1452 nec
1398 1429 1463 1464 per
1489 1418 1634 1452 univer-

161 1476 240 1499 sum
264 1471 438 1499 terrarum
465 1465 588 1498 orbem
630 1464 759 1498 factam
789 1475 884 1498 essse
923 1465 1159 1499 audivimus.'¹
1222 1465 1315 1498 haec
1342 1477 1422 1499 cum
1446 1467 1634 1499 nuntiaret

161 1513 269 1547 Dacis
294 1523 360 1558 per
389 1523 451 1546 eos
478 1513 542 1557 qui
566 1511 612 1544 ad
634 1512 814 1558 mancipia
843 1512 1052 1546 redimenda
1077 1518 1346 1554 convenerant,
1374 1523 1434 1546 eos
1461 1513 1569 1546 facile
1595 1514 1635 1546 in

161 1572 260 1594 suam
287 1560 506 1593 sententiam
546 1560 732 1604 pertraxit.
792 1559 943 1606 reliquis
981 1559 1053 1593 dici
1087 1560 1193 1594 iussit
1229 1565 1268 1593 ut
1303 1560 1541 1601 confidentes,
1566 1572 1634 1594 nec

161 1609 356 1654 quicquam
382 1607 467 1640 mali
485 1611 710 1647 metuentes,
751 1606 798 1639 ad
825 1618 862 1640 se
889 1607 1097 1640 transirent.
1146 1606 1185 1640 hi
1207 1607 1318 1650 igitur
1342 1608 1380 1640 in
1404 1619 1516 1640 unum
1543 1618 1634 1640 con-

160 1655 297 1699 gregati
328 1653 566 1687 decreverunt
603 1654 728 1687 utilius
767 1665 845 1687 esse
881 1659 918 1687 et
951 1654 1155 1687 consultius
1197 1654 1449 1699 obtemperare
1486 1655 1633 1688 Draculi

158 1703 282 1748 potius
307 1712 412 1747 quam
440 1700 552 1734 Blado
577 1700 747 1746 principi.
798 1706 925 1734 euntes
950 1701 1062 1745 igitur
1084 1701 1261 1747 paulatim
1288 1701 1334 1734 ad
1359 1702 1550 1734 Draculem
1575 1703 1634 1734 iu-

159 1749 299 1782 niorem
326 1748 428 1782 Bladi
455 1749 600 1781 fratrem
633 1746 910 1791 colligebantur.
961 1748 1061 1793 quod
1094 1748 1155 1782 ubi
1182 1754 1402 1795 acceperunt
1426 1749 1569 1794 reliqui,
1598 1750 1635 1782 et

161 1796 231 1842 ipsi
255 1795 300 1829 ad
325 1795 469 1830 fratrem
499 1796 576 1828 eius
602 1795 791 1828 Draculem
818 1795 1069 1829 transitionem
1106 1796 1235 1829 fecere.
1288 1795 1421 1829 exinde
1448 1802 1632 1829 contracto

157 1843 316 1878 exercitu
342 1842 440 1876 haud
459 1841 736 1881 contemnendo,
761 1848 798 1876 et
824 1842 979 1876 adducto
1007 1843 1113 1876 simul
1140 1844 1238 1887 regio
1267 1844 1436 1885 exercitu,
1461 1843 1630 1876 ducatum

158 1895 197 1924 et
220 1890 400 1934 regionem
425 1890 464 1923 in
498 1889 682 1923 dicionem
719 1891 811 1934 regis
852 1890 1049 1933 redigebat.
1107 1890 1238 1924 Bladus
1270 1891 1415 1936 cognito
1444 1891 1559 1923 Dacos
1588 1890 1633 1923 ad

158 1937 304 1971 fratrem
337 1937 565 1981 confugisse,
604 1947 685 1970 cum
717 1938 826 1970 sciret
851 1938 970 1970 omnia
1003 1937 1136 1970 frustra
1170 1938 1328 1980 tentari,
1369 1936 1469 1984 quod
1495 1943 1632 1971 tantam

159 1989 267 2019 antea
292 1996 436 2019 suorum
465 1984 611 2019 fecisset
628 1983 788 2025 caedem,
812 1985 851 2018 in
881 1984 1101 2018 Pannoniam
1127 1984 1228 2018 abiit.
