1832 3216
466 184 539 223 DE
582 181 759 221 REBUS
784 175 1043 219 TURClClS
1083 178 1131 218 L.
1159 178 1230 217 lV.
1497 167 1586 214 191

119 300 202 328 νων
228 284 314 325 τῶν
341 282 417 337 τῆς
447 280 610 329 πόλεως
633 276 754 333 ἔχθει
782 279 840 335 τῷ
863 277 1053 334 σφετέρῳ
1079 275 1186 330 πρὸς
1214 273 1314 325 τοίς
1342 275 1465 331 σφῶν
1496 273 1594 329 ἦγε·
1608 279 1643 313 Ρ.
1660 277 1725 312 102

120 351 263 404 μόνας.
319 350 394 391 καί
419 346 743 400 ὑστερούμενοι,
775 343 832 392 ὥς
861 341 908 384 τὸ
944 342 1168 396 Πατάβιον
1207 341 1489 397 ἐχειρώσαντο
1519 342 1596 382 τοῦ

122 414 320 472 ἡγεμόνος
366 417 600 468 Καραρίων
645 413 718 465 τῆς
761 410 896 458 οἰκίας
932 409 1039 461 πρὸς
1079 408 1256 457 τούτους
1294 409 1596 462 διενεχθέντος,

122 481 364 538 ὁρμώμενοι
395 478 477 521 ἀπὸ
506 480 658 520 τούτου
687 476 829 525 πόλεις
849 490 895 517 τε
928 470 1060 525 ἄλλας
1090 475 1165 516 οιῗκ
1198 474 1342 529 ὀλίγας
1370 474 1598 526 κατεστρέ-

87 554 259 602 5ψαντο
287 548 370 590 τῶν
395 544 504 588 κατὰ
535 543 609 599 τήν
630 543 823 587 Ἰταλίαν
846 541 995 596 χώραν
1026 542 1069 590 ές
1102 540 1178 595 τὴν
1209 539 1438 596 Λιγυρίαν,
1467 535 1597 590 ἄλλας

121 631 166 658 τε
194 613 247 670 δὴ
279 613 351 656 καί
381 610 589 667 Ουήρώνη
631 607 754 651 πόλιν
784 609 1038 663 εὐδαίμονα,
1072 606 1342 658 ἐξελάσαντες
1372 607 1470 656 τούς
1502 606 1595 661 ἥγε-

118 679 251 735 μόνας
290 680 420 735 αὐτῆς
454 678 705 731 Κλιμακίων
741 677 814 730 τῆς
851 676 986 724 οἰκίας
1028 672 1139 716 οὕτω
1181 676 1496 726 καλουμένους,
1525 675 1598 715 καί

125 748 372 791 Οὖικεντίαν
399 745 473 787 καί
487 748 696 798 Βρήξιαν,
729 741 876 796 ὄλβιἀς
895 757 942 783 τε
972 739 1116 791 πόλεις
1144 739 1218 783 καί
1245 739 1479 795 ἐπισήμους
1511 747 1597 782 τῶν

123 816 199 856 νῦν
227 811 336 855 κατὰ
366 809 443 866 τῆν
473 810 678 854 Ἰταλίαν.

68 891 114 926 10
234 879 359 922 Μετὰ
394 880 441 920 δὲ
471 878 606 919 ταῦτα
641 874 745 933 πρὸς
773 875 845 918 τὸν
874 877 1092 930 Λιγυρίας
1124 874 1330 930 τύραννον
1360 876 1597 929 διενεχθέν·

120 963 189 996 τες
216 947 453 1000 ἐπολέμουν
493 943 567 987 ἐπὶ
603 942 740 998 συχνὰ
773 942 859 1000 ἔτη.
927 942 1014 986 ἔστι
1055 945 1102 985 δὲ
1134 941 1157 983 ὅ
1189 941 1356 998 ἡγεμών
1386 936 1508 992 οὗτος
1539 944 1598 986 οἰ-

114 1016 214 1062 κίας
242 1014 327 1055 τῶν
354 1013 697 1067 ΙΡΙαριαγγελιὸν,
738 1006 887 1065 ἅρχων
931 1011 979 1052 δὲ
1013 1011 1289 1052 ΙΠεδιολάνου
1319 1007 1490 1058 πόλεως.
1547 1003 1600 1063 ἦν

122 1081 170 1123 δὲ
199 1077 510 1135 ἐπιτηδεύμασί
531 1093 577 1119 τε
602 1073 852 1134 ὄλβιωτάτη,
882 1078 1021 1134 καί-τῇ
1052 1071 1157 1133 ἄλλῃ
1189 1076 1440 1132 εὐδαιμονίᾳ
1469 1076 1635 1130 προέ-Β

121 1162 191 1202 χει
219 1147 302 1190 τῶν
330 1143 374 1187 ἐν
402 1147 453 1202 τῇ
493 1144 660 1202 Ἰταλίᾳ
691 1145 877 1197 πόλεων,
907 1145 979 1185 καί
1013 1141 1350 1196 πολυάνθρωπος
1382 1139 1491 1185 οὖσα
1518 1160 1599 1184 πα-

68 1211 323 1268 15λαιοτοίτη
351 1228 397 1254 τε
427 1213 546 1254 δοκεῖ
579 1213 778 1266 γενέσθαι
815 1209 890 1253 καί
917 1212 1006 1253 αἰεί
1031 1226 1091 1263 τε,
1118 1208 1162 1262 ἐξ
1191 1207 1292 1253 ὅτου
1322 1211 1499 1268 ᾠκίσθη,
1528 1208 1599 1251 εὖ-

125 1282 381 1334 δαιμονῆσαι
419 1284 502 1328 τοῖς
532 1294 577 1320 τε
621 1276 928 1334 ἐπιτηδεύμασι
974 1283 1060 1326 τοῖς
1087 1282 1325 1331 πολεμικοῖς
1356 1278 1430 1319 καί
1459 1274 1600 1319 ὅπλων

122 1347 373 1403 κατασκευῇ.
426 1345 653 1399 μεσόγαιος
680 1346 718 1386 δ’
751 1339 859 1386 οὖσα
888 1344 910 1399 ἦ
941 1343 1063 1393 πόλις
1095 1341 1203 1399 αὕτη
1236 1345 1372 1398 διέχει
1405 1342 1487 1385 dni»
1516 1346 1599 1384 θα-

124 1413 282 1467 λάσσης
326 1413 402 1467 τῆς
431 1412 628 1454 Ἰανυΐων
667 1410 870 1460 σταδίους
896 1409 1013 1467 α’μφὶ
1039 1409 1136 1459 τούς
1165 1407 1432 1464 ἑξακοσίους,
1462 1410 1601 1464 ἀγχοῦ

125 1480 173 1521 δὲ
206 1480 380 1520 οἰκεῖται
421 1480 495 1532 τῆς
525 1477 759 1533 Γαλατίας,
810 1475 906 1532 ἥτις
941 1478 1014 1519 καί
1040 1476 1201 1530 Σαβόια
1237 1477 1363 1531 χώρα
1389 1478 1598 1532 κέκληται.

66 1555 112 1590 20
127 1542 200 1602 ῥεῖ’
222 1547 268 1586 δὲ
301 1544 490 1596 ποταμὸς
521 1542 592 1585 διὰ
622 1546 697 1599 τῆς
726 1541 896 1596 πόλεως,
926 1543 999 1586 καί
1024 1541 1191 1586 ἐκδιδοῖ
1204 1538 1327 1592 οὗτος
1356 1542 1399 1591 ἐς
1422 1544 1598 1598 Τεσι’νην

125 1610 316 1664 ποταμὸν
353 1610 458 1666 πρὸς
488 1613 643 1667 Παπι’ῃ
685 1608 818 1652 πόλει.
894 1608 1066 1666 Τεσίνης
1102 1612 1139 1652 δ’
1168 1605 1227 1652 αὖ
1254 1611 1427 1665 ἐπιρρεῖ
1449 1609 1492 1659 ἐς
1522 1609 1597 1652 τὸν

120 1675 351 1733 Ἠριδανὸν
381 1676 489 1733 πρὸς
518 1679 760 1734 Πλακεντίῃ
791 1677 906 1719 πόλει
946 1676 1107 1734 μεγάλῃ
1135 1678 1208 1733 τῆς
1234 1679 1465 1732 Λιγυριάς.
1523 1671 1598 1719 οὗ·

219 1795 254 1829 3.
281 1795 533 1842 διενεχθέντος
558 1796 601 1837 Η,
628 1794 878 1842 διενεχθέντες
905 1797 929 1830 P

127 1903 381 1951 praetergressi
407 1909 504 1944 sunt,
526 1914 606 1936 cum
631 1903 718 1936 odio
754 1904 897 1937 incolae
927 1903 1026 1937 urbis
1054 1904 1293 1937 incitarentur
1318 1903 1486 1937 adversus
1513 1915 1595 1938 suos

128 1951 323 1998 principes.
385 1961 464 1983 cum
495 1951 676 1984 Patavium
705 1952 741 1984 iu
769 1956 985 1996 potestatem
1010 1952 1189 1992 venisset,
1215 1953 1324 1985 etiam
1350 1951 1596 1985 Carrariorum

130 2011 149 2032 e
175 1998 311 2032 familia
336 1997 409 2031 dux
432 2004 555 2032 contra
587 2009 648 2031 eos
680 1999 890 2041 insurrexit3
926 2004 1051 2032 contra
1077 2011 1186 2044 quem
1206 1998 1332 2033 hostili
1361 2000 1481 2033 animo
1510 2011 1598 2044 pro-

129 2045 319 2086 cedentes,
359 2045 463 2078 urbes
498 2057 573 2079 non
608 2057 738 2090 paucas
764 2047 891 2079 ltaliae
920 2051 956 2079 et
983 2047 1150 2090 Liguriae
1177 2047 1364 2091 subegere.
1416 2047 1596 2080 Veronam

129 2104 277 2140 quoque
307 2093 343 2125 in
370 2092 548 2126 dicionem
578 2092 812 2137 redegerunt,
840 2093 965 2127 urbem
993 2094 1217 2138 opulentam,
1243 2095 1392 2140 expulsa
1419 2094 1598 2127 scalario-

130 2152 207 2174 rum
231 2140 435 2186 principum
465 2140 613 2173 familia.
664 2147 792 2186 captae
820 2147 906 2175 sunt
930 2142 1143 2181 Vincentia,
1173 2142 1302 2183 Brixia,
1331 2142 1436 2175 urbes
1463 2142 1596 2187 opibus

128 2194 167 2223 et
190 2188 354 2222 claritate
380 2187 532 2233 reliquis
561 2187 686 2221 ltaliae
712 2187 855 2233 oppidis
881 2188 979 2222 haud
1007 2189 1212 2222 inferiores.

221 2235 304 2268 Post
326 2234 415 2268 haec
439 2235 575 2268 bellum
601 2235 689 2280 ipsis
715 2236 785 2270 fuit
818 2247 898 2269 cum
923 2236 1090 2281 Liguriae
1116 2237 1294 2282 principe,
1321 2236 1420 2282 quod
1450 2235 1596 2282 quidem

129 2281 177 2315 ad
206 2283 337 2316 multos
372 2287 568 2316 extractum
608 2288 662 2316 est
695 2294 820 2317 annos.
868 2284 898 2317 is
933 2290 1053 2318 autem
1088 2284 1256 2329 princeps
1288 2285 1463 2327 originem
1488 2283 1599 2317 trahit

131 2341 177 2364 ex
201 2330 335 2363 familia
360 2330 662 2374 Mariangelorum
704 2336 740 2364 et
767 2330 974 2365 Mediolano
1015 2331 1186 2376 praefuit.
1237 2331 1321 2364 urbs
1353 2331 1442 2364 haee
1469 2330 1599 2364 studiis

112 2377 223 2411 ‚beni
253 2381 290 2410 et
314 2377 454 2423 reliqua
481 2377 656 2411 felicitate
684 2379 811 2412 Italiae
843 2379 950 2412 urbes
977 2378 1086 2422 longe
1114 2379 1358 2424 exuperabat3
1388 2384 1425 2412 et
1450 2389 1530 2411 cum
1556 2379 1602 2412 sit

132 2424 336 2470 populosa,
379 2425 627 2471 antiquissima
662 2436 739 2459 esse
786 2425 968 2467 creditur,
994 2437 1062 2459 nee
1090 2437 1248 2472 unquam
1275 2426 1424 2459 adversa
1454 2426 1601 2459 fortuna

133 2482 212 2506 esse
238 2482 322 2512 usa,
359 2482 403 2504 ex
430 2483 500 2517 quo
527 2472 674 2505 condita
705 2477 771 2508 est.
822 2485 944 2506 verum
972 2484 1114 2518 semper
1140 2473 1270 2508 studiis
1299 2473 1389 2506 belli
1416 2478 1454 2507 et
1481 2484 1599 2507 armo-

132 2531 210 2552 rum
238 2519 518 2565 praeparatione
544 2520 759 2554 excelluisse
789 2526 943 2554 constat.
996 2532 1075 2553 cum
1103 2527 1225 2553 autem
1251 2521 1298 2554 sit
1322 2519 1601 2562 mediterranea,

133 2565 244 2600 distat
272 2577 291 2598 a
332 2565 420 2598 inari
454 2567 685 2600 lanuensium
711 2567 835 2601 stadiis
860 2569 1053 2601 sexcentis.
1104 2569 1171 2601 sita
1213 2573 1267 2601 est
1291 2579 1404 2613 prope
1431 2568 1601 2608 Galliam,

132 2624 226 2660 quae
257 2613 438 2646 sabaudia
474 2615 692 2648 nominatur.
758 2615 886 2649 ssuvius
926 2615 1051 2648 urbem
1087 2614 1248 2656 dirimit,
1275 2616 1399 2661 quiin
1430 2616 1602 2649 Tesinem

132 2662 206 2696 sive
221 2660 389 2694 Ticinum
408 2661 604 2695 effunditur
625 2663 726 2695 iuxta
742 2663 886 2708 Papiam
904 2662 1042 2696 urbem.
1069 2662 1220 2695 Tesines
1237 2661 1331 2696 redit
1351 2662 1389 2696 in
1407 2661 1602 2696 Eridanum

132 2719 246 2755 prope
265 2707 494 2748 Placentiam,
523 2708 644 2742 urbem
664 2720 838 2754 magnam.
868 2722 942 2756 quo
956 2716 1076 2743 autem
1098 2709 1271 2742 Eridanus
1295 2709 1395 2750 fluat,
1419 2711 1491 2743 iam
1517 2716 1600 2754 ante

134 2755 383 2798 indicavjmus.
433 2755 591 2790 familiae
618 2757 920 2802 Mariangelorum
948 2768 1115 2803 proceres
1143 2757 1207 2790 tali
1234 2768 1276 2790 ex
1306 2767 1413 2791 causa
1437 2757 1475 2791 in
1497 2758 1603 2805 prin-
