1832 3216
459 189 532 228 DE
573 188 744 229 REBUS
783 186 1036 229 TURClClS
1075 188 1122 228 L.
1147 189 1218 228 lv.
1491 181 1584 228 189

115 286 244 343 λιμήν
269 289 404 342 μέγας
432 303 478 329 τε
520 282 580 330 ὢν
618 287 692 329 καί
717 289 1013 335 πεντακοσίους
1051 289 1254 336 σταδίους
1285 285 1439 343 διήκων
1471 285 1588 342 λη’γει

115 356 159 404 ἐς
189 353 265 409 τήν
301 353 409 396 κατὰ
450 353 524 397 τὸν
562 353 786 407 Ἠριδανὸν
821 355 992 407 χώραν·
1061 353 1194 411 ταύτῃ
1235 352 1314 410 γάρ
1343 353 1586 408 Ἠριδανός,

113 422 247 476 μέγας
277 436 320 463 τε
352 423 435 464 τῶν
461 419 565 464 κατὰ
594 419 667 475 τὴν
694 420 871 463 Ἰταλίαν
900 422 1097 474 ποταμῶν
1126 422 1200 462 καί
1239 423 1370 463 ναυσί
1396 421 1587 474 πλόιμος,

113 486 221 542 πρὸς
240 486 372 544 ταύτῃ
402 485 451 542 δὴ
477 489 641 529 ἐκδιδοῖ
662 489 704 535 ές
728 486 801 541 τήν
828 486 1068 530 θάλασσαν.
1099 485 1232 543 ταύτῃ
1262 485 1311 541 δὴ
1345 482 1422 528 οὖν
1450 489 1586 529 εἰσελ-

78 554 270 596 saevom
321 552 366 595 αἱ
421 553 516 608 νῆες
558 555 641 595 τῶν
690 553 877 595 Ἰανυΐων
928 553 1000 593 ὲπί
1048 552 1123 594 τὸν
1170 553 1385 594 Ουένετῶν
1435 555 1584 605 λιμένα
1598 561 1634 595 P.
1648 561 1712 596 101

112 621 187 675 τήν
213 635 259 662 τε
287 618 476 675 Κλιζὸην
502 621 710 673 κατέσχον
729 620 802 659 καί
828 618 1204 673 ἠνδραποδίσαντο.
1234 619 1342 672 μετὰ
1371 621 1418 662 δὲ
1447 623 1586 662 ταῦτα

113 686 220 740 πρὸς
248 685 322 741 τήν
350 683 472 728 πόλιν
502 682 860 740 διεπρεσβεύοντο.
897 685 971 727 καί
1003 688 1046 727 ἐν
1075 681 1221 742 ἀπόρῳ
1253 687 1300 727 ’δὲ
1329 681 1445 736 ὄντες
1475 685 1513 728 οἱ
1544 688 1589 728 ἐν

113 753 166 809 τῇ
195 750 340 805 πόλει,
366 751 442 794 καί
466 752 542 792 οὐκ
573 749 734 805 ἔχοντες
767 749 798 791 δ’
815 767 854 793 τι
895 753 1122 807 γένωνται,
1153 751 1402 794 ὖπακοῦσαί
1421 768 1464 794 τε
1500 758 1589 802 τοῖς

111 819 305 869 Ἰανυΐοις
333 817 501 875 ἔφασαν
531 820 694 871 ἕτοιμοι
721 813 842 872 εἶναι,
873 820 947 860 καί
975 817 1032 867 ὥς
1062 815 1116 861 ἄν
1146 820 1288 873 δοκοίη
1309 819 1453 868 αὐτοῖς
1480 821 1589 873 ξύμ..

59 893 103 928 10
117 900 250 941 φορον
276 881 386 927 εἶναι
415 885 489 926 καί
508 883 759 939 ἐπιτήδειον,
791 884 1108 938 πολιτεύεσθαι,
1139 884 1212 926 καί
1229 887 1443 927 αἰτεῖσθαι
1473 887 1588 942 σφᾶς

113 949 305 993 ἐκέλευον
343 948 367 992 δ’
402 967 440 993 τι
479 950 734 1006 βούλονται,
777 948 834 1000 ὥς
876 952 1180 1005 παρεχομένων
1223 947 1401 1004 ἑτοίμως
1442 953 1589 1002 αὐτοῖς

112 1020 260 1061 ταῦτα.
318 1015 358 1060 οἱ
385 1020 432 1060 δὲ
461 1015 519 1067 (ὃς
548 1017 599 1060 τὰ
632 1016 746 1072 παρὰ
776 1018 851 1073 τῆς
880 1015 1041 1066 πόλεως
1067 1013 1265 1073 ἤκουσαν,
1295 1019 1480 1071 οἰόμενοι
1511 1019 1589 1074 τὴν

113 1084 235 1127 πόλιν
265 1085 593 1139 καταλήψεσθαι
633 1082 949 1139 αὕθαδέστερόν
996 1100 1040 1126 τε
1083 1085 1362 1140 α’πεκρίναντο
1403 1087 1458 1141 τῇ
1486 1100 1589 1139 πρε-

112 1152 262 1209 σβείᾳ,
295 1151 480 1208 φάμενοι
518 1153 734 1194 αἰτεῖσθαι
773 1149 936 1200 αὕτοὺς
977 1152 1049 1193 ἐπί
1090 1157 1204 1207 τρεῖς
1234 1151 1401 1207 ἡμέρας
1430 1154 1589 1204 ἐξεῖναι

58 1231 100 1266 15
114 1222 235 1275 σφίσι
266 1218 515 1275 διαρπάζειν
541 1217 616 1273 τὴν
645 1214 782 1259 πόλιν.
859 1215 899 1260 οἱ
931 1219 1074 1270 μέντοι
1103 1220 1302 1272 πρέσβεις
1333 1218 1389 1268 ὥς
1420 1218 1625 1273 tingui-B

114 1302 250 1341 ρησαν
279 1287 352 1327 καὶ
380 1282 434 1326 ni
466 1286 755 1336 ἐπεσταλμένα
776 1285 828 1341 τῇ
860 1283 980 1325 πόλει
1010 1284 1256 1339 οἷπήγγελον,
1292 1282 1375 1340 ἥτε
1403 1284 1587 1340 σύγκλη-

112 1368 181 1402 τος
211 1353 284 1394 nac*
320 1351 342 1392 ὁ
374 1353 509 1406 δῆμος
545 1349 891 1404 ὖπεραχθεσθείς
918 1352 972 1407 τῇ
1015 1351 1101 1392 τῶν
1130 1351 1342 1403 πολεμίων
1371 1353 1585 1411 αὐθαδείᾳ

111 1435 156 1462 τε
186 1418 260 1461 καί
288 1418 493 1475 ἀκολασίᾳ
534 1419 642 1464 ναῦς
671 1433 716 1458 τε
754 1417 906 1458 αὐτίκα
946 1416 1198 1471 ἐπλήρωσαν
1229 1414 1332 1467 ὅσας
1361 1416 1588 1473 ἠδύναντο,

111 1488 186 1526 καί
215 1481 340 1527 mirol
363 1485 406 1533 ἐς
435 1483 510 1532 τὰς
539 1485 644 1532 ναῦς
687 1483 892 1536 ἐμβάντες
919 1481 1117 1538 ἀνήγοντο
1147 1486 1191 1532 ἐς
1220 1483 1293 1526 τὸν
1327 1487 1488 1538 λιμένα.
1546 1487 1590 1528 οἳ

52 1562 98 1598 20
112 1567 157 1593 τε
182 1551 355 1594 Ἰανυΐοι
386 1549 679 1605 ἀντανήγοντο.
738 1552 812 1591 καί
842 1551 992 1592 αυ’τι’κα
1019 1549 1064 1592 ἐν
1090 1553 1146 1609 τῷ
1174 1554 1310 1604 λιμένι
1330 1551 1584 1608 ἐναυμάχη-

110 1634 211 1675 σαν,
251 1620 325 1659 καί
362 1617 484 1659 οὐδὲν
519 1619 646 1658 πλέον
676 1615 801 1670 ἔσχον
843 1615 881 1658 οἱ
913 1620 1119 1669 πολέμιοι.
1177 1620 1366 1660 ἐνταῦθα
1393 1618 1450 1668 ὥς
1481 1620 1582 1662 οἷπε-

109 1685 313 1740 τράποντο
349 1683 575 1739 ἡττημένοι
625 1685 684 1733 εἰς
724 1684 941 1739 Κλιζόην,
992 1684 1144 1726 αὐτίκα
1175 1683 1212 1727 οἱ
1248 1685 1448 1728 Ουένετοί
1476 1688 1582 1728 ναῦν

202 1804 260 1838 21.
291 1802 549 1850 ἐπετράποντο
574 1803 598 1836 P

115 1908 233 1952 tingit.
283 1905 455 1940 Eridanus
496 1907 590 1939 enim
620 1906 699 1952 (qui
734 1911 770 1940 et
795 1906 924 1952 Padus)
951 1907 1079 1940 Italiae
1115 1906 1243 1941 fluvius
1272 1919 1418 1952 magnus
1443 1915 1508 1950 est,
1538 1915 1576 1944 et

108 1967 216 1989 naves
243 1954 293 1987 ibi
329 1955 365 1987 in
390 1965 485 1987 mare
524 1955 683 1999 exponit.
736 1953 803 1987 hac
841 1955 953 1998 igitur
986 1957 1215 1988 lanuensium
1255 1967 1362 1989 naves
1391 1958 1575 2001 ingressae

110 2003 150 2036 in
175 2007 316 2048 portum
345 2001 495 2034 Clizoen
522 2007 743 2047 occuparunt
777 2007 814 2035 et
851 2002 1094 2047 diripuerunt.
1148 2014 1221 2048 quo
1253 2003 1348 2036 facto
1378 2004 1512 2048 legatos
1538 2006 1576 2039 in

109 2049 232 2083 urbem
258 2050 311 2082 ire
336 2049 529 2082 iusserunt.
560 2051 654 2082 cives
676 2055 793 2082 autem
810 2061 888 2082 cum
913 2050 951 2083 in
972 2051 1121 2096 ancipiti
1141 2050 1334 2084 haererent
1353 2051 1574 2094 discrimine,

108 2108 175 2131 nec
194 2097 279 2130 satis
299 2096 388 2143 quid
406 2097 564 2130 facerent
578 2097 723 2137 scirent,
750 2096 1017 2142 responderunt
1035 2109 1072 2131 se
1090 2104 1231 2143 paratos
1247 2110 1324 2131 esse
1346 2099 1464 2132 facere
1479 2111 1574 2146 quae

106 2146 344 2190 imperassent
367 2145 574 2186 Ianuenses,
604 2149 640 2176 et
665 2155 741 2176 eam
768 2145 819 2177 rei
845 2145 1016 2189 publicae
1044 2146 1194 2178 formam
1209 2147 1438 2191 amplexuros
1465 2158 1572 2192 quam

107 2193 179 2237 ipsi
207 2191 529 2238 praescripsissent.
590 2191 774 2224 iusserunt
800 2204 947 2239 quoque
979 2193 1174 2226 lanuenses
1207 2201 1332 2238 petere
1375 2205 1468 2239 quae
1495 2195 1571 2227 vel-

106 2240 196 2280 lent,
220 2239 323 2286 quasi
363 2250 404 2272 ea
430 2239 700 2284 promptissime
731 2238 863 2273 daturi.
924 2241 1117 2273 lanuenses
1142 2245 1183 2274 ut
1208 2241 1470 2275 intellexerunt
1494 2242 1570 2275 Ve-

103 2293 269 2321 netorum
293 2298 515 2331 responsum,
540 2288 650 2330 magis
676 2287 712 2319 in
731 2298 829 2332 spem
858 2287 1058 2332 potiundae
1085 2287 1182 2320 urbis
1209 2288 1454 2332 erigebantur.
1482 2301 1571 2334 pro-

103 2333 189 2368 inde
213 2333 446 2367 immoderate
462 2359 471 2374 ,
495 2334 598 2366 nulla
625 2333 723 2367 urbis
751 2334 967 2368 verecundia
994 2335 1167 2376 inhibiti,
1195 2335 1418 2380 respondent
1442 2347 1480 2368 se
1505 2347 1570 2381 pe-

103 2387 180 2415 tere
208 2386 248 2414 ut
286 2381 393 2414 liceat
435 2380 560 2414 urbem
589 2387 661 2415 tres
687 2381 762 2415 dies
789 2383 982 2416 continuos
1023 2382 1194 2427 diripere.
1247 2383 1354 2427 legati
1379 2384 1416 2415 in
1445 2383 1569 2417 urbem

104 2429 235 2462 reversi
272 2429 488 2475 petitionem
523 2429 754 2462 lanueusium
797 2435 996 2475 exponunt.
1058 2435 1204 2463 senatus
1242 2431 1476 2476 populusque
1514 2432 1569 2465 ira

102 2476 261 2522 percitus
288 2481 434 2521 propter
465 2481 538 2510 tam
563 2477 778 2510 insolentem
821 2482 858 2510 et
883 2477 1155 2510 immoderatam
1183 2478 1419 2522 petitionem,
1443 2489 1566 2520 naves,

102 2528 285 2570 quotquot
309 2528 523 2568 potuerunt,
561 2525 735 2557 continuo
772 2524 951 2558 militibus
978 2525 1150 2569 implent,
1179 2535 1361 2569 navesque
1385 2526 1568 2560 solventes

102 2571 141 2604 in
166 2571 282 2604 lacum
309 2571 484 2604 feruntur.
555 2571 611 2604 his
638 2571 780 2605 obviam
816 2578 969 2617 pergunt
996 2573 1207 2613 lanuenses,
1233 2571 1501 2618 confestimque
1526 2575 1566 2608 in

101 2618 182 2652 lacu
206 2618 335 2651 navale
361 2619 534 2662 praelium
573 2619 856 2660 commiserunt,
894 2620 934 2652 in
966 2631 1038 2664 quo
1078 2630 1190 2664 penes
1221 2619 1378 2653 Venetos
1413 2621 1566 2655 victoria

100 2665 182 2698 fuit.
233 2665 318 2698 hinc
341 2676 421 2698 cum
445 2665 566 2700 hostes
586 2671 684 2711 terga
710 2666 838 2700 darent
862 2667 1046 2712 celerique
1076 2667 1158 2710 fuga
1184 2666 1398 2700 festinarent
1423 2667 1459 2701 in
1486 2668 1564 2701 Cli-

99 2723 211 2754 zoen,
243 2713 416 2746 continuo
443 2713 574 2747 Veneti
603 2725 711 2748 unam
748 2713 793 2747 de
824 2725 974 2747 numero
1010 2724 1153 2746 suarum
1195 2714 1339 2747 navium
1373 2715 1563 2749 maximam

100 2758 360 2802 demerserunt,
389 2759 449 2793 ubi
477 2766 601 2807 portus
627 2761 897 2807 angustissimus
922 2766 1014 2802 erat3
1041 2765 1078 2795 et
1102 2771 1184 2794 suos
1213 2766 1339 2807 portus
1368 2762 1562 2797 obstruen-
