1858 3210
515 185 587 224 DE
627 184 804 223 REBUS
829 180 1084 224 TURCiClS
1125 184 1171 223 L.
1200 185 1252 222 V.
1538 177 1635 221 273

171 285 252 340 γὰρ
282 282 387 338 πρὸς
415 280 598 337 ἑσπέραν
627 283 665 324 οἱ
695 282 863 330 πλείους
892 279 1042 336 σχεδόν
1071 298 1112 324 τι
1142 282 1433 338 ἀποφέρονται
1461 282 1541 334 μὲν
1568 280 1682 321 καίῐ)

170 349 248 399 τοὶς
295 352 381 392 ταῖν
427 349 588 391 πόλεων
631 344 891 404 προσόὸοῡς,
930 347 1070 402 οἶρχοὶς
1110 350 1157 390 δὲ
1186 349 1239 389 ου’
1282 346 1394 390 πάνυ
1422 363 1462 390 τι
1495 349 1639 395 αὑτοῖς

167 414 326 468 ἔξεστιν
353 413 658 469 ἐγκαθιστάναι
686 416 729 463 ἐς
755 413 827 464 τοὶς
855 413 998 463 πόλεις
1026 411 1054 469 ἢ
1086 414 1294 470 φυλακάς,
1327 414 1419 457 οἷλλ)
1442 415 1570 456 αὐτοί
1592 429 1638 455 τε

173 481 212 524 οἱ
246 480 468 536 ἐπιχώριοι
501 479 578 529 τοὶς
606 495 649 522 τε
689 481 829 534 ἀρχὰς
854 482 1026 532 μετίασι
1053 482 1126 522 καί
1154 479 1347 536 φυλακάς
1375 479 1641 535 καταστησά-

134 559 287 602 5μενοι
315 547 394 603 την
419 546 566 602 χώραν
594 547 929 602 ἐπιτροπεύουσι,
969 546 1042 588 καί
1068 545 1118 589 τὰ
1150 548 1310 599 πάτρια
1337 546 1460 602 σφίσι
1490 545 1641 600 βιάζε-

167 618 274 658 σθαι
306 616 384 655 ου’κ
412 612 548 666 ἔξεστι
575 611 676 661 τούς
706 614 962 668 ἐπιχωρίους
992 613 1062 655 τὸν
1082 614 1262 666 βασιλέα
1285 613 1400 666 παρὰ
1434 612 1486 654 τὰ
1518 615 1641 668 σφῶν

164 682 309 723 αὐτῶν
335 678 482 734 ἔθιμα.
550 680 648 720 τότε
677 681 756 732 μὲν
786 675 886 733 οὖν,
917 679 974 728 ὥς
1006 681 1275 733 ἐπαγομένων
1303 680 1427 735 σφίσι
1457 678 1640 731 βασιλέα

160 751 244 789 τῶν
284 746 490 802 Ναβάρης
526 746 663 788 α’στῶν
692 745 764 787 ἐπὶ
790 744 868 800 τὴν
899 746 1048 799 χώραν
1070 746 1144 787 τὸν
1174 745 1411 801 Ἀλφόνσου
1446 744 1637 800 οἷδελφόν

161 814 321 868 ἐγένετο
341 812 457 870 αὐτῷ
485 813 566 854 α’πό
599 813 674 866 τῆς
702 811 902 866 γυναικὸς
933 812 1070 853 αὐτοῦ’
1094 817 1194 860 παῖς
1224 813 1297 853 καί
1327 809 1489 867 ἐτράφη
1521 813 1640 866 α’μφί

107 878 216 921 loni
245 876 409 922 δώδεκα
440 877 513 933 ἐτη
545 877 735 933 γεγονώς,
765 877 838 919 τὸν
865 879 944 930 μὲν
976 879 1109 919 παῖδα
1143 879 1351 931 κατέσχον
1382 877 1526 932 αὐτοῦ,
1558 876 1634 918 τὸν

161 947 209 988 δὲ
238 946 420 999 βασιλέα
462 945 790 997 α’πεπέμψαντο,
824 942 1007 999 φάμενοι
1055 943 1112 992 οὖς
1142 945 1239 985 ἐπεί
1262 959 1306 985 τε
1332 944 1492 997 ἐγένετο
1519 949 1632 998 παῖ’ς,

161 1014 212 1054 ου’
234 1017 424 1065 μετεῖναι
455 1011 569 1068 αὐτῷ
597 1013 670 1065 τῆς
697 1013 917 1064 βασιλείας
950 1008 1014 1051 ἔτι
1046 1011 1121 1051 τοῦ
1150 1011 1317 1063 λοιποῦ,
1348 1005 1440 1051 ἄλλ’
1467 1011 1526 1058 εἰς
1559 1008 1631 1051 τὸν
1644 1017 1679 1051 Ρ.
1700 1016 1765 1049 145

159 1080 295 1120 παῖδα
324 1073 512 1132 ἀνήκειν.
571 1079 704 1119 ταῦτα
746 1079 824 1129 μὲν
853 1072 1029 1131 ὕστερον
1074 1076 1125 1116 ου’
1159 1078 1298 1132 πολλῷ
1327 1077 1500 1130 ἐγένετο.
1560 1073 1630 1132 ὅτε

159 1146 208 1187 δὲ
233 1145 304 1186 ἐπὶ
330 1144 508 1186 Ἰταλίαν
529 1141 703 1199 α’φίκετο
734 1141 1090 1198 Ἀλφόνσος,“τόν
1117 1158 1163 1183 τε
1193 1141 1381 1198 α’ὃελφὸν
1410 1145 1629 1184 κατέλιπεν

103 1209 449 1263 Ῑόἐπιτροπεύειν
478 1209 553 1265 τὴν
582 1211 732 1264 χώραν
763 1211 910 1251 αὐτοῦ.

258 1274 468 1331 Ἀρχεται
517 1278 564 1318 δὲ
606 1272 716 1330 αὕτη
765 1275 848 1318 dud
890 1278 1127 1325 Βαλεντιάς
1168 1279 1240 1330 τῆς
1278 1274 1438 1330 χώρας.
1497 1274 1624 1332 καίἥ

156 1344 366 1386 Βαλεντία
410 1341 531 1391 πόλις
569 1345 658 1384 ἐστι’
695 1343 857 1397 μεγάλη
886 1357 930 1384 τε
961 1344 1035 1383 καί
1063 1343 1293 1394 εὐδαίμων,
1329 1344 1402 1383 καί
1427 1339 1624 1395 βασίλειοί

155 1411 271 1451 ἐστιν
299 1410 344 1450 ἐν
374 1409 485 1465 αὔτῇ
512 1411 722 1461 βασιλέως
751 1406 996 1456 Βαλεντίας.
1065 1409 1238 1449 οἰκεῖται
1267 1409 1314 1449 δὲ
1345 1406 1454 1463 αὕτη
1485 1409 1509 1462 ἦ
1544 1407 1623 1448 πό..

154 1480 218 1524 λις
249 1473 330 1517 dud
363 1477 438 1516 τοῦ
466 1478 664 1528 πορθμοῦ
693 1477 777 1516 τῶν
797 1474 1062 1528 εΗρακλείων
1090 1478 1253 1530 στηλῶν
1286 1476 1490 1528 διέχουσα
1518 1492 1623 1516 στα-

97 1543 273 1590 Ἇῦδίους
319 1537 436 1596 οἷμφί
470 1540 570 1589 τούς
607 1538 905 1595 ἑπτακοσίους,
938 1540 1109 1593 ἀντικρύ
1141 1542 1350 1594 Σαρδόνος
1377 1544 1450 1594 τῆς
1480 1540 1619 1594 νήσου.

152 1607 258 1657 μετὰ
285 1609 332 1649 δὲ
364 1605 388 1662 ἦ
428 1609 632 1661 Ταρακιῦν
671 1609 908 1661 καλουμένη
944 1606 1068 1660 χώρα
1109 1606 1241 1661 διήκει
1282 1605 1374 1648 ἔστε
1403 1609 1474 1648 ε’πί
1501 1611 1632 1662 Βαρ-

153 1674 346 1728 κενώνην.
418 1672 574 1728 ταύτης
613 1675 651 1714 ‹5’
691 1671 747 1722 αἷς
787 1671 933 1726 ἔχεται
969 1675 1042 1726 τῆς
1083 1675 1335 1727 Ταρακῶνος
1376 1671 1519 1727 χώρας
1550 1672 1622 1714 ἐπὶ

154 1741 417 1794 Προβεντίαν
447 1737 524 1794 τήν
556 1742 791 1782 Γαλατίαν.
826 1736 934 1781 ὥστε
956 1741 1025 1781 δεῖ
1048 1744 1182 1793 λεγεῑν
1206 1739 1303 1788 τοὺς
1331 1736 1457 1794 ὅρους
1488 1741 1620 1793 τῆσδε

248 1853 282 1886 7.
307 1852 546 1900 ἐπαγόμενον
570 1853 618 1886 P:
645 1863 724 1886 corr
749 1852 779 1885 H
898 1852 956 1886 22.
985 1851 1048 1900 ὥς]
1079 1848 1151 1886 αὖ.)

153 1955 334 2002 pendunt,
357 1966 424 1989 nec
461 1961 582 1988 tamen
612 1956 696 1989 licet
723 1956 890 2001 cuiquam
920 1955 1072 1988 urbibus
1113 1966 1236 1988 eorum
1262 1955 1442 2001 principes
1470 1955 1555 1988 dare
1581 1961 1618 1988 et

154 2002 374 2049 praesidium
413 2003 618 2048 imponere3
651 2013 773 2036 verum
807 2002 1001 2046 indigenae
1035 2003 1261 2047 magistratus
1290 2008 1434 2041 creant,
1474 2009 1509 2035 et
1545 2003 1616 2035 suis

151 2049 355 2096 praesidiis,
381 2061 454 2083 non
481 2050 637 2083 externis
664 2051 846 2093 regionem
874 2049 1090 2083 defendunt.
1116 2061 1183 2083 nec
1209 2050 1314 2083 etiam
1343 2051 1414 2093 regi
1444 2049 1530 2082 licet
1555 2061 1616 2082 eos

152 2107 279 2142 cogere
305 2102 346 2130 ut
369 2102 514 2142 praeter
538 2098 674 2143 patriae
708 2109 791 2130 suae
817 2108 951 2130 morem
990 2109 1045 2130 res
1070 2097 1236 2143 publicas
1261 2097 1523 2129 administrent.
1573 2108 1616 2130 ea

151 2143 297 2190 quidem
325 2149 561 2190 tempestate,
597 2155 677 2177 cum
718 2146 812 2177 cives
845 2155 965 2177 earum
1007 2144 1149 2177 urbium
1191 2155 1281 2190 quas
1317 2144 1476 2177 Nabares
1518 2144 1614 2188 regio

152 2191 415 2237 complectitur,
444 2191 515 2224 sibi
542 2192 815 2225 constituissent
844 2203 962 2236 regem
1000 2192 1145 2225 fratrem
1173 2191 1368 2236 Aiphonsi,
1397 2191 1550 2234 contigit
1575 2196 1615 2224 ut

153 2239 188 2272 ei
211 2244 419 2272 nasceretur
443 2238 539 2271 filius
562 2250 604 2271 ex
631 2251 753 2271 uxore.
820 2240 880 2284 qui
907 2238 1080 2273 educatus
1115 2239 1234 2283 attigit
1273 2249 1407 2271 annum
1434 2238 1614 2270 duodeci-

150 2296 259 2318 mum.
321 2284 416 2319 hunc
456 2286 565 2329 igitur
590 2291 809 2320 assumentes
850 2287 1007 2330 regionis
1045 2287 1213 2325 incolae,
1238 2297 1356 2330 regem
1388 2285 1613 2326 dimiserunt,

151 2332 316 2366 dicentes
339 2343 414 2365 non
439 2333 592 2377 amplius
617 2334 649 2366 ei
675 2333 836 2374 concedi,
863 2345 941 2366 cum
969 2334 1080 2378 filium
1099 2333 1244 2373 habeat,
1272 2344 1418 2376 regnum
1448 2338 1613 2371 tractare,

151 2378 320 2413 sed'filio
346 2380 446 2424 regni
471 2379 819 2414 administrationem
846 2393 941 2415 nunc
961 2387 1178 2426 competere.
1228 2380 1317 2413 haec
1343 2379 1488 2424 quidem
1514 2378 1612 2412 haud

149 2427 265 2460 multo
291 2432 374 2472 post
396 2426 617 2460 acciderunt.
667 2427 874 2472 Alphonsus
911 2439 992 2461 cum
1019 2429 1055 2462 in
1080 2429 1219 2461 ltaliam
1245 2427 1482 2473 pervenisset,
1510 2426 1612 2460 fratri

150 2474 332 2519 regionem
361 2484 459 2506 suam
484 2474 680 2508 mandavit.

243 2521 341 2553 Haec
369 2526 488 2554 autem
514 2522 657 2555 initium
687 2523 796 2555 sumit
821 2522 866 2555 ab
890 2522 1082 2563 Yalentiae
1120 2522 1278 2565 regione.
1329 2521 1499 2553 Valentia
1525 2519 1610 2553 urbs

148 2578 276 2612 magna
301 2572 356 2600 est
381 2573 418 2601 et
445 2568 640 2613 opulenta3
676 2569 950 2615 Valentiaeque‘
982 2582 1044 2602 rex
1083 2580 1159 2601 eam
1191 2568 1289 2612 regni
1317 2568 1371 2600 sui
1409 2566 1528 2599 sedem
1555 2573 1622 2602 ize-c

148 2620 222 2648 net.
274 2615 344 2648 sita
379 2619 434 2648 est
468 2625 509 2647 ea
549 2616 632 2649 urbs
677 2628 720 2649 ex
752 2616 900 2650 adverso
930 2616 1139 2656 Sardiniae,
1179 2615 1349 2647 recedens
1374 2613 1419 2646 ab
1446 2615 1608 2648 Herculis

149 2662 394 2695 columnarum
427 2662 577 2695 traiectu
607 2665 844 2708 septingentis
883 2664 1022 2696 stadiis.
1073 2663 1158 2695 huie
1183 2661 1343 2695 succedit
1372 2661 1470 2705 regio
1499 2672 1606 2706 quam

149 2708 451 2742 Tarraconensem
488 2709 693 2754 appellant,
719 2722 810 2756 quae
854 2712 1049 2756 porrigitur
1075 2721 1190 2754 usque
1216 2708 1472 2741 Barcenonem.
1523 2708 1608 2741 huic

147 2757 370 2790 contermina
397 2762 450 2788 est
475 2757 689 2790 Tarraconis
717 2759 839 2802 regio,
864 2764 900 2791 et
925 2764 1026 2803 patet
1049 2767 1162 2802 usque
1189 2755 1234 2789 ad
1260 2758 1501 2790 Barcenonem
1527 2767 1608 2789 ver-

227 2830 562 2875 Cltalcocondylas.
1301 2830 1343 2863 18
