1800 3172
284 199 347 247 48
597 203 737 242 LAON
746 202 813 242 lCl
856 201 1362 242 CHALCOCONDYLAE

424 302 604 353 Λέγεται
644 301 721 350 μὲν
767 302 866 352 περί
901 301 1148 350 Χαρατίνεω
1187 298 1315 340 πολλὰ
1349 295 1447 348 ἄξια
1491 298 1628 354 λόγου,
1657 298 1714 349 ὥς

283 366 581 416 ὁποτιθεμένου
606 363 842 418 Ἀμουροέτῃ
868 363 916 404 τὰ
948 365 1093 404 δέοντα
1123 365 1194 404 καί
1222 362 1273 404 τοὶ
1306 365 1433 405 πλείω
1460 364 1714 419 ὑπηρετοῦν-

283 446 349 478 τος
389 426 714 480 διαπράττεσθαι
744 427 903 479 μεγάλα
934 422 1038 468 ἅττα
1070 425 1170 468 κατά
1201 443 1243 469 τε
1273 427 1422 469 Ἀσίαν
1458 429 1531 469 καί
1560 426 1714 481 Εὐρώ-

287 511 392 548 πην·
447 495 518 532 καί
550 490 659 544 λόγοι
688 493 732 532 δὲ
757 492 890 532 αὐτοῦ
919 490 1022 544 πρὸς
1064 490 1326 545 Ἀμουράτην
1352 491 1716 546 ἀπομνημονεύον-

246 568 381 610 Crat,
412 559 616 610 ἐρίζοντος
647 558 760 612 αὐτῷ
794 558 890 608 περὶ
923 558 1127 604 συνέσεως
1153 557 1225 597 καί
1250 559 1510 610 στρατηγίας.
1568 559 1748 611 §poue-5

283 639 356 664 νου
384 622 463 676 γάρ
493 621 622 662 αὐτοῦ
654 623 812 673 λέγεται
849 621 1116 675 ’(Ἀμουροίτη
1155 615 1189 660 αἶ
1229 623 1430 673 βασιλεῦ’,
1466 623 1553 670 πῶς
1583 617 1636 664 ἂν
1661 621 1714 677 δὴ

282 688 466 739 μάλιστα
513 687 748 741 στρατηγῇ,
791 687 868 733 ἕως
902 682 952 726 ἂν
997 683 1185 738 βούλοιτό
1221 683 1261 727 οἱ
1295 687 1518 738 γενέσθαι,
1564 687 1717 728 τούτων

284 752 440 807 ῥᾳδίως
469 749 783 803 ἐπιτυγχανοι;”
811 749 883 791 τόν
913 752 958 791 δὲ
987 747 1120 804 φάναι
1150 752 1313 802 λέγεται
1339 746 1416 791 “⁶13
1442 765 1487 792 τε
1514 748 1718 805 στοχαζό.

1634 816 1652 825 ”’
1692 817 1719 834 2,

283 831 427 868 μενος,
456 817 527 855 καί
553 814 649 862 τούς
676 817 933 869 στρατιώτας
965 813 1020 862 ὥς
1059 810 1145 855 οἷόν
1173 829 1218 855 τε
1243 818 1422 867 μάλιστα
1449 816 1689 868 εΰεργετων.

283 879 353 921 τὸν
382 881 427 920 δὲ
467 879 743 934 ἐπανερέσθαι
785 882 884 920 “και“
921 881 1007 927 πῶς
1049 874 1100 920 ἂν
1131 877 1208 933 δὴ”
1251 879 1420 920 εἰπόντα
1446 880 1715 933 ιιστοχάζοιτο
1730 893 1772 927 10

285 945 474 996 ‹599u3<;;’'
510 944 583 986 τὸν
626 945 671 985 δὲ
699 943 827 998 φάναι
859 945 924 986 “si
958 947 1123 998 μετρῶν
1151 944 1202 985 τὰ
1230 942 1370 986 εἰκότα
1395 943 1453 998 μὴ
1482 944 1716 999 σφάλληται

283 1008 381 1061 περὶ
407 1008 457 1049 τὰ
487 1011 659 1062 μέτρα.”
715 1011 895 1050 ἐνταῦθα
927 1010 1135 1062 καγχασαι
1164 1011 1320 1062 λέγεται
1338 1011 1578 1063 Χαρατίνην
1605 1009 1714 1050 πάνυ

282 1076 402 1125 μέγα,
428 1074 502 1114 καί
527 1075 708 1115 ἐπειπεῖν
740 1076 765 1099 “
782 1075 1012 1127 Ἀμουροὲτη
1043 1070 1076 1114 ιδ
1104 1075 1292 1126 βασιλεῦ,
1320 1078 1552 1128 σωφρονεῖν
1578 1068 1716 1126 ἄριστ’

239 1135 336 1182 Βιῖν
364 1138 535 1191 δοκοίης.
590 1140 678 1185 πῶς
705 1140 741 1179 δ’
768 1134 819 1178 ἂν
846 1140 1030 1192 ,ιιετροιή,
1069 1134 1121 1179 ἂν
1145 1138 1203 1192 μὴ
1232 1137 1376 1192 παρών
1405 1135 1576 1191 ἑκάτερα
1605 1140 1717 1179 θεω-

285 1206 359 1258 ρῇ,
387 1203 436 1244 τοί
466 1218 511 1243 τε
548 1203 695 1243 δέοντα
728 1204 799 1242 καί
825 1202 1019 1243 τάναντία
1044 1203 1200 1244 τούτων
1221 1233 1233 1254 ,
1280 1201 1352 1242 καί
1391 1205 1474 1244 τῶν
1500 1205 1577 1254 μὲν
1615 1203 1715 1244 α’πέ·
1730 1208 1772 1241 15

281 1283 409 1321 χοιτο,
439 1266 488 1308 *cd
524 1269 569 1308 δὲ
597 1267 710 1323 αύτῷ
736 1267 988 1318 μεταδιώκοι
1015 1265 1221 1319 ἑλόμενος,
1253 1265 1427 1321 φθάνων
1453 1282 1498 1308 τε
1523 1266 1596 1308 τὸν
1620 1266 1716 1308 τού-

282 1348 362 1373 των
388 1331 554 1384 καιρόν,
583 1330 635 1372 τὰ
669 1333 862 1383 δέοντα,”
891 1330 960 1372 διὰ
996 1333 1132 1373 ταῦτα
1163 1334 1208 1374 δὲ
1236 1335 1451 1386 ταχυτῆτα
1483 1332 1716 1384 αἰνιττόμε-

282 1411 349 1445 νος
378 1398 605 1451 προφέρειν
631 1395 738 1448 ,ιιέγα
759 1399 853 1438 τῶν
879 1392 1015 1437 ἄλλων
1043 1398 1214 1449 α’γαθῶν
1244 1398 1284 1445 ἐς
1315 1396 1360 1437 τὸ
1385 1395 1545 1449 μεγάλα
1570 1411 1715 1450 κατερ-

282 1461 498 1515 γάζεσθαι,
526 1461 582 1508 ὥς
610 1461 730 1501 ου’δὲν
759 1455 860 1501 ἄλλο
891 1461 968 1514 πρὸ
998 1460 1229 1514 ταχυτῆτός
1262 1476 1307 1502 τε
1335 1461 1407 1502 καί
1434 1461 1619 1513 σπουδῆς
1645 1461 1717 1502 τόν

281 1541 327 1579 γε
355 1526 586 1579 στρατηγόν
615 1527 766 1580 χρῆναι
797 1525 1068 1580 ἐπιτηδεύειν,
1097 1527 1167 1566 καί
1192 1527 1404 1579 πανταχοῦ
1433 1527 1773 1579 παραγενόμε-ρο

374 1635 407 1668 6.
430 1634 644 1680 στρατηγός,
673 1633 745 1669 ὅσα
769 1633 818 1670 ἂν
839 1639 871 1680 β.
886 1635 902 1668 ?
995 1635 1049 1668 15.
1075 1637 1138 1669 καὶ
1161 1634 1229 1668 add
1248 1635 1279 1668 H

377 1741 505 1773 Extant
533 1740 625 1772 enim
660 1739 764 1772 huius
799 1740 998 1773 Charatinis
1034 1740 1187 1784 plurima
1220 1746 1415 1773 memoratu
1450 1739 1566 1784 digna,
1589 1745 1629 1773 ut
1653 1741 1714 1785 qni

282 1787 438 1820 Amurati
474 1787 609 1831 optima
645 1787 854 1829 suggesserit
893 1787 1063 1828 consilia3
1103 1792 1140 1819 et
1174 1787 1346 1830 pleraque
1377 1788 1516 1830 egregia
1542 1797 1650 1830 opera
1676 1787 1714 1819 in

282 1834 362 1866 Asia
387 1834 599 1876 Europaque
625 1832 716 1864 facta
744 1831 847 1864 huius
873 1829 915 1863 ex
938 1832 1110 1864 industria
1139 1843 1344 1875 provenere.
1372 1838 1493 1865 extant
1515 1832 1581 1864 viri
1607 1831 1713 1865 huius

281 1890 460 1912 sermones
486 1877 630 1922 quidam
659 1883 852 1910 memoratu
873 1878 1077 1921 dignissimi,
1106 1889 1194 1921 quos
1215 1889 1291 1910 cuin
1312 1889 1392 1922 rege
1409 1877 1573 1912 habuisse
1590 1877 1712 1918 fertur,

281 1924 500 1957 contendens
525 1935 602 1956 cum
646 1934 687 1956 eo
723 1935 828 1968 super
854 1924 925 1956 illis
953 1935 1044 1968 quae
1075 1923 1120 1956 ad
1147 1924 1370 1969 prudentiam
1399 1922 1521 1970 reique
1547 1924 1711 1957 militaris

282 1972 466 2004 scientiam
491 1971 656 2002 attinent.
712 1981 792 2002 nam
827 1981 908 2002 eum
946 1971 1260 2013 interrogationem
1294 1971 1555 2010 instituentem,
1582 1969 1712 2003 dixisse

281 2022 475 2050 memorant
499 2022 584 2048 “rex
605 2018 797 2055 Ammites,
823 2027 894 2059 quo
918 2021 1020 2059 pacto
1048 2027 1101 2048 res
1118 2015 1269 2048 bellicae
1293 2015 1592 2049 administrandae
1618 2021 1712 2056 sunt,

282 2069 322 2096 ut
345 2074 387 2095 eo
414 2061 510 2106 quod
534 2061 713 2094 desideras
741 2063 811 2094 tuis
839 2062 951 2105 copiis
979 2061 1065 2094 effici
1086 2063 1220 2105 potiare
1237 2062 1272 2095 ?'’
1298 2073 1414 2105 regem
1441 2062 1542 2095 aiunt
1568 2072 1714 2106 respon-

283 2109 379 2142 disse
401 2112 455 2140 “si
473 2108 626 2151 ‚singulis
650 2107 895 2140 occasionibus
910 2133 919 2147 ‚
956 2119 1000 2140 ne
1025 2108 1219 2151 aufugiant,
1245 2107 1434 2151 diligenter
1462 2108 1564 2140 fuero
1588 2109 1713 2140 inten-

282 2161 360 2197 tus3
387 2159 582 2199 praeterea,
605 2154 634 2186 si
661 2154 818 2197 plurimis
845 2153 1026 2186 beneficiis
1042 2154 1195 2187 militum
1212 2155 1347 2186 animos
1370 2153 1457 2186 mihi
1485 2153 1712 2187 devinxero.”

283 2201 505 2234 Charatinem
530 2200 722 2233 subiecisse
746 2199 852 2232 audio
879 2205 939 2231 “at
964 2211 1034 2244 qua
1058 2201 1195 2232 ratione
1214 2201 1417 2232 occasiones
1444 2211 1516 2233 non
1541 2200 1710 2239 omiseris,

282 2252 465 2291 praeterea
487 2257 630 2290 scopum
657 2251 739 2278 tuae
761 2246 913 2277 militiae
938 2245 1135 2287 attigeris?'’
1185 2257 1299 2289 regem
1324 2246 1485 2278 intulisse
1513 2246 1567 2279 “si
1593 2245 1711 2279 animo

282 2293 470 2336 diligenter
510 2291 715 2324 verisimilia
749 2301 840 2334 quae
877 2290 921 2322 ad
954 2302 1098 2334 scopum
1124 2297 1286 2335 spectant
1320 2292 1586 2335 pensitaverim3
1611 2292 1711 2325 etin

282 2339 358 2371 istis
382 2349 472 2383 quae
498 2337 542 2370 ad
567 2348 707 2380 scopum
746 2337 879 2368 faciunt
901 2348 974 2368 non
1006 2337 1249 2370 aberravero.''
1297 2337 1380 2370 hinc
1406 2337 1551 2371 tradunt
1577 2337 1712 2370 Chara-

281 2386 390 2417 tinem
419 2386 455 2416 in
482 2385 669 2416 maximum
699 2384 846 2415 effusum
871 2383 1053 2414 cachinum
1079 2382 1208 2415 dixisse
1231 2389 1316 2415 “rex
1342 2385 1534 2424 Amurates,
1558 2383 1711 2428 plurima

281 2431 455 2474 sapientia
479 2437 513 2464 te
540 2431 751 2462 instructum
773 2440 846 2461 esse
871 2440 988 2460 cerno.
1038 2434 1074 2461 at
1098 2440 1169 2473 quo
1194 2435 1297 2474 pacto
1329 2429 1530 2462 verisimilia
1557 2429 1711 2473 diligen-

281 2482 336 2510 ter
358 2478 475 2509 animo
518 2475 718 2520 expendas,
741 2475 808 2507 nisi
838 2485 1004 2518 praesens
1028 2479 1177 2518 utraque
1205 2475 1456 2518 experimentis
1493 2477 1712 2519 cognoveris,

281 2534 373 2568 quae
399 2523 472 2554 fieri
498 2532 661 2567 quaeque
686 2531 759 2554 non
783 2521 860 2553 fieri
885 2521 1071 2564 oporteat?
1117 2519 1204 2554 haec
1237 2522 1275 2553 in
1299 2522 1562 2554 consultatione
1591 2526 1631 2554 ut
1655 2532 1712 2554 re-

281 2580 399 2613 spuas,
422 2569 485 2600 illa
512 2574 551 2601 ut
574 2568 723 2600 maxima
749 2578 829 2599 cura
855 2566 1023 2609 deligas.''
1071 2567 1139 2599 ista
1163 2567 1222 2599 ubi
1241 2568 1508 2611 praecesserint,
1533 2567 1710 2611 significat

283 2616 386 2647 etiam
414 2615 546 2659 requiri
580 2615 821 2654 celeritatem,
858 2623 949 2658 quae
974 2612 1162 2656 plurimum
1186 2614 1355 2646 momenti
1381 2613 1426 2646 ad
1453 2624 1507 2646 res
1530 2613 1710 2658 praeclare

282 2661 451 2704 gerendas
479 2660 604 2699 habet,
629 2665 668 2693 ut
693 2659 786 2692 nihil
817 2660 924 2702 magis
962 2658 1086 2691 ducem
1119 2669 1223 2703 quam
1250 2659 1466 2692 celeritatem
1491 2663 1529 2691 et
1550 2658 1709 2692 indefes-

281 2718 354 2741 sam
377 2718 493 2740 curam
520 2707 556 2740 in
580 2705 714 2751 agendo
741 2711 777 2739 et
804 2704 1036 2740 consultando
1061 2705 1184 2738 sectari
1212 2710 1383 2750 oporteat.
1441 2715 1606 2751 praesens
1631 2715 1708 2739 esse
