1884 3178
238 237 258 246 ·
483 215 555 253 DE
600 215 769 254 REBUS
806 213 1060 254 TURCiClS
1101 215 1148 253 L.
1179 214 1210 252 Ι.
1515 205 1578 251 39

113 315 194 371 ruffi,
221 312 386 367 μεγάλα
433 314 680 363 α’πεόείξατο
726 313 847 368 ἔργα,
875 315 1100 354 ἐπιείκειαν
1139 314 1219 365 μὲν
1248 310 1352 351 κατὰ
1383 312 1456 364 την
1487 313 1581 352 Kv'-

112 396 191 435 ρου
239 381 318 422 τοῦ
348 378 596 431 Καμβύσεω
631 377 992 431 ἐπιδεικνύμενος,
1042 381 1115 419 καί
1158 377 1215 426 ὥς
1245 374 1509 432 μετριώτατα
1538 391 1580 416 τε

111 448 186 488 κατ’
225 445 566 500 ἐλευθεριώτατα
597 444 936 501 προσφερόμενος
969 450 1055 494 τοῖς
1087 445 1158 485 ὑπ’
1189 441 1323 485 αὐτὸν
1346 442 1628 496 γενομένοιςυ

114 509 292 568 ἡγεμόσι
327 513 576 567 Τριβαλλῶν
618 510 690 553 καί
720 514 889 553 111υσῶν
922 512 996 553 καί
1019 510 1070 565 δή
1095 508 1312 565 Ἑλλήνων.

77 587 101 622 5
229 577 355 621 Κατὰ
404 581 484 630 μὲν
524 573 600 619 οὖν
638 578 716 632 τήν
743 577 953 632 Εὐρώπην
997 579 1253 631 διατρίβοντι
1290 574 1449 628 συχνόν
1485 590 1580 616 τινα

110 643 262 700 χρόνον
288 646 364 686 καί
386 643 492 698 πρὸς
518 642 699 693 τούτους
727 642 789 686 ἔτι
826 646 1157 696 διαπολεμοῦντι
1185 643 1361 698 ἄφίκετο
1390 643 1578 696 α’γγελία,

109 710 211 760 τούς
240 712 284 752 έν
322 713 370 767 τῇ
411 711 530 767 Ἀσίᾳ
567 712 798 764 βαρβάρων
825 709 1030 764 ἡγεμόνας
1060 708 1255 763 ἀλληλοις
1294 711 1582 759 συνθεμένους

111 777 357 832 α’ποστῆσαί
379 792 423 818 τε
451 776 534 818 ἀπὸ
563 775 834 830 Ἀμουράτεω
860 776 1008 830 χώραν
1047 776 1125 816 ουίι
1155 775 1298 830 ὀλίγην
1329 776 1479 826 αὐτοῦ,
1510 777 1584 815 καί

111 842 266 892 adraim
306 842 514 896 στρατιὰν
540 845 820 894 συλλέξαντας
848 838 950 897 ὅσην
987 838 1197 897 ἠδύναντο
1229 841 1417 894 μα’λιστα
1445 843 1581 895 ταρά-

55 917 99 952 10
111 913 179 961 ξαι
207 925 252 951 τε
281 908 334 951 τὰ
366 911 410 951 ἐν
437 912 490 966 τῇ
513 910 632 966 Ἀσίᾳ
661 909 888 963 πράγματα
919 909 1077 961 αὐτοῦ,
1108 908 1180 950 καί
1205 907 1351 963 χώρας
1380 909 1454 963 τῆς
1479 906 1579 950 ἑαυ-

109 978 183 1017 τοῦ
211 975 264 1018 τοὶ
291 977 371 1028 μὲν
416 977 836 1029 καταστρεφομένους
869 973 921 1016 τὰ
968 976 1014 1016 δὲ
1044 976 1118 1016 καί
1141 978 1469 1027 πολιορκοῦντας
1501 976 1578 1016 οὐκ

107 1042 283 1084 ἀνιέναι.
348 1044 445 1084 ἐπεί
469 1057 514 1083 τε
542 1041 594 1095 δὴ
636 1041 819 1094 τάχιστα
845 1039 1049 1097 ἐπύθετο,
1083 1040 1237 1095 διαβάς
1264 1041 1352 1084 ἴετο
1381 1043 1452 1083 ἐπὶ
1479 1042 1578 1090 τοὺς
1592 1051 1625 1083 Ρ.
1641 1052 1688 1086 20

109 1108 313 1162 ἡγεμόνας
340 1109 792 1162 παρασκευασάμενος,
821 1109 895 1149 καί
915 1109 958 1156 ἐς
986 1108 1035 1150 τά
1070 1107 1232 1162 ἔσχατα
1262 1106 1576 1162 πειρασόμενος,

106 1169 134 1231 ᾗ
162 1172 342 1217 ἐδύνατο
369 1173 596 1228 κράτιστα,
627 1174 685 1223 ὥς
725 1173 1084 1228 διαμαχούμενος.
1152 1171 1290 1226 εὑρών
1321 1176 1367 1214 δὲ
1397 1174 1575 1222 τούτους

50 1249 93 1284 15
107 1243 151 1283 ἐν
182 1239 334 1298 Μυσίᾳ
362 1241 825 1293 στρατοπεδευομένους
851 1241 1118 1295 παρετάξατο
1142 1241 1185 1290 ἐς
1214 1239 1372 1294 μάχην.
1431 1236 1499 1283 οἶα
1528 1241 1574 1282 δὲ
1589 1254 1630 1287 V.
1649 1257 1692 1291 16

102 1306 245 1362 μα’χης
274 1307 458 1364 ἐμπείρῳ
497 1308 691 1362 πολλαχῇ
718 1309 924 1364 γενομένῳ
953 1306 1246 1362 ἐμεμηχάνητο
1274 1308 1449 1348 τοιόνδε.
1509 1309 1574 1347 λε’-

102 1388 218 1427 γεται
244 1372 326 1428 γὰρ
359 1372 415 1423 ὥς
443 1374 535 1415 ἐπεὶ
563 1374 720 1426 θέρους
759 1368 810 1428 ἦν
838 1369 946 1428 ὥρα,
977 1376 1050 1415 κατ’
1080 1375 1281 1426 ἠπίστατο
1306 1376 1574 1428 μεσημβρίας

104 1440 415 1494 ἐπιγιγνομένης
442 1439 707 1481 ἐπιπνεύσειν
728 1441 896 1494 ἐτησιάν
925 1435 1078 1492 ἄνεμον
1106 1439 1188 1481 (ind
1208 1439 1405 1493 ἑσπέρας.
1435 1437 1571 1496 ταύτῃ

104 1506 150 1547 δὲ
182 1506 431 1558 παρεγγυῶν
467 1507 520 1561 τῇ
559 1506 735 1562 στρατιᾷ
773 1506 820 1547 τό
860 1507 988 1558 μέρος
1029 1510 1161 1549 έκεῖνο
1201 1499 1307 1548 κατὰ
1337 1506 1467 1548 νώτου
1495 1509 1572 1547 λα-

44 1575 220 1624 Ωθβεῖν,
251 1572 293 1619 ἐς
336 1570 481 1626 μάχην
510 1587 556 1612 τε
594 1574 832 1613 καθίστατο
877 1575 975 1626 περί
1002 1572 1438 1626 πληθουσαναγοράν
1458 1606 1468 1623 ,
1503 1575 1577 1614 καί

101 1638 315 1690 συμμίξας
343 1643 430 1687 τοῖς
459 1637 676 1689 πολεμίοις
703 1638 887 1691 ἐμάχετο
917 1640 1120 1691 ἰσχυρῶς.
1157 1637 1299 1693 μα’χης
1331 1640 1378 1680 δὲ
1409 1637 1572 1694 ἀμφοῖν

100 1702 331 1758 ἰσορρόπου
363 1705 587 1759 γενομένης
615 1705 686 1745 ἐπὶ
715 1702 849 1760 λόφον
880 1704 972 1746 τινα
994 1707 1127 1746 αὐτοῦ
1157 1722 1236 1746 που
1266 1708 1432 1759 λέγεται
1461 1706 1606 1751 οἶνοί-Β

193 1826 225 1860 5.
251 1825 490 1872 διατρίβοντα
516 1826 540 1859 Ρ
661 1826 695 1860 6.
725 1826 1024 1874 διαπολεμοῦντα
1053 1827 1077 1860 Ρ

100 1935 286 1967 Amurates
318 1939 438 1967 autem
478 1945 543 1980 per
570 1935 689 1968 omnia
723 1935 884 1968 imitatus
918 1936 1137 1981 aequitatem
1166 1936 1247 1978 Cyri
1275 1935 1457 1980 Cambysis
1485 1937 1564 1977 filii,

97 1982 251 2014 maxima
276 1981 451 2015 modestia
488 1987 524 2015 et
557 1982 777 2016 liberalitate
818 1983 993 2016 tractabat
1019 1983 1127 2016 duces
1154 1983 1399 2016 Triballorum
1429 1989 1466 2016 et
1485 1984 1565 2028 My-

97 2029 231 2062 siorum
261 2029 567 2074 Graecorumque,
593 2030 655 2075 qui
682 2031 720 2063 in
746 2041 845 2063 suam
875 2037 1091 2075 potestatem
1113 2037 1376 2064 concesserant.

193 2076 284 2109 Cum
325 2081 483 2109 moratus
521 2083 615 2110 esset
652 2077 760 2121 longo
805 2083 967 2123 tempore
1004 2079 1042 2111 in
1067 2079 1209 2123 Europa
1237 2077 1336 2111 bello
1362 2077 1566 2120 adstrictus,

98 2122 288 2156 nuntiatur
310 2135 393 2156 suos
418 2123 457 2156 in
486 2124 568 2156 Asia
593 2125 795 2169 praefectos
818 2126 1067 2158 coniuratione
1091 2126 1186 2158 facta
1206 2126 1354 2158 Asianos
1382 2126 1565 2159 solicitare

97 2169 145 2202 ad
173 2169 440 2211 defectionem,
465 2171 732 2217 plurimamque
775 2173 955 2216 regionem
993 2174 1063 2204 iam
1097 2172 1141 2205 ab
1175 2173 1344 2206 Amurate
1382 2174 1565 2214 avertisse,

98 2218 383 2263 conscriptisque
409 2218 627 2252 exercitibus
652 2219 756 2252 Asiae
778 2224 908 2253 statum
937 2231 1042 2266 quam
1060 2220 1215 2252 maxime
1243 2219 1472 2261 conturbare,
1499 2231 1566 2264 op·

98 2263 184 2309 pida
209 2264 388 2310 quaedam
425 2266 635 2310 capientes,
676 2265 853 2311 quaedam
886 2278 971 2300 vero
1013 2272 1266 2312 oppugnantes
1299 2278 1375 2299 non
1413 2278 1563 2299 cessare.

98 2312 362 2356 quamprimum
396 2311 486 2345 haec
511 2318 610 2346 certo
639 2314 804 2359 accepit,
830 2315 1020 2347 transitum
1048 2315 1085 2347 in
1112 2315 1230 2347 Asiam
1257 2320 1381 2359 parat,
1407 2325 1564 2359 suosque

100 2358 151 2391 ita
174 2358 324 2392 instruit
350 2364 390 2392 ut
413 2358 536 2392 hostes
562 2372 668 2405 quam
688 2362 938 2405 potentissime
956 2361 1181 2394 contundere
1208 2367 1244 2394 et
1262 2361 1454 2406 profligare
1479 2372 1566 2406 pos·

98 2410 164 2438 set.
214 2417 295 2439 cum
329 2405 393 2439 hos
426 2406 729 2451 deprehendisset
764 2409 802 2440 in
839 2409 952 2452 Mysia
991 2414 1104 2441 castra
1134 2409 1357 2447 collocasse,
1384 2409 1498 2453 copiis
1526 2410 1564 2443 in

97 2453 209 2486 aciem
233 2452 373 2486 eductis
401 2455 473 2488 tale
496 2455 724 2498 excogitavit,
752 2461 792 2488 ut
815 2457 876 2501 qui
903 2462 998 2489 esset
1019 2466 1155 2489 summa
1182 2457 1232 2488 rei
1250 2456 1415 2488 militaris
1443 2457 1565 2489 scien-

99 2500 148 2532 tia
185 2499 370 2545 praeditus
389 2525 398 2540 ‚
429 2506 653 2545 stratagema.
715 2501 846 2535 dicitur
884 2503 994 2543 enim,
1019 2515 1099 2536 cum
1126 2504 1271 2536 aestatis
1302 2508 1395 2535 esset
1420 2507 1563 2548 tempus

100 2546 396 2587 fervidissimum,
420 2548 557 2581 Etesias
583 2555 710 2582 ventos
740 2550 784 2582 ab
814 2550 1014 2583 Occidente
1041 2551 1190 2595 spirare.
1253 2550 1304 2582 ibi
1329 2555 1448 2582 autem
1475 2562 1562 2583 suo·

99 2605 175 2626 rum
213 2593 359 2628 ordines
392 2596 441 2627 ita
479 2596 659 2641 disposuit
698 2603 738 2630 ut
774 2603 918 2630 ventum
947 2609 964 2629 a
998 2603 1098 2641 tergo
1127 2597 1305 2629 habereut
1329 2597 1561 2641 praeliantes.

98 2640 182 2673 hinc
213 2642 375 2686 princeps
413 2644 589 2686 praelium
616 2644 757 2685 inibat,
785 2644 847 2677 ubi
873 2644 1032 2678 hostium
1061 2645 1156 2676 acies
1186 2649 1262 2676 erat
1286 2644 1564 2686 confertissima,

97 2688 250 2728 irruens,
278 2694 314 2721 et
340 2699 446 2734 quam
475 2690 670 2724 fortissime
695 2702 870 2736 pugnans.
922 2703 1000 2725 cum
1027 2697 1147 2725 antem
1176 2691 1353 2735 praelium
1392 2693 1564 2737 utrinque

100 2746 216 2780 aequo
246 2735 363 2768 Marte
391 2736 559 2778 ferueret,
587 2738 664 2783 ipse
692 2739 728 2772 in
755 2738 945 2773 editiorem
984 2739 1165 2772 tumulum
1190 2737 1449 2779 conscendens,
1476 2750 1564 2772 voce

100 2793 204 2827 quam
234 2783 355 2826 potuit
381 2784 532 2817 maxima
566 2796 648 2819 suos
674 2786 709 2819 in
736 2785 831 2819 hunc
856 2786 1000 2820 modum
1017 2786 1197 2819 allocutus
1223 2790 1287 2819 est.
1340 2791 1387 2819 “u
1415 2787 1563 2820 commi-
