1748 3210
221 176 310 221 160
534 179 749 220 LAONlCl
791 178 1297 221 CHALCOCONDYLAE

215 276 294 317 σάν
323 291 366 316 τε
397 276 473 330 ὑφ’
510 276 622 332 αὐτῷ
667 276 921 330 ποιήσασθαι
940 309 951 330 ,
982 280 1023 324 ἐς
1056 276 1079 316 ὃ
1107 276 1155 330 δή
1188 274 1257 318 ἐπὶ
1283 277 1354 325 τας
1375 277 1643 332 ζῙ-Ιρακλείους

215 341 412 395 α’φίκηται
441 341 605 394 στήλας,
633 339 822 382 ἐντεῦθεν
849 344 896 382 δὲ
926 338 1052 389 αὖθις
1080 341 1122 388 ές
1150 340 1319 394 Λιβύην
1339 344 1545 395 διαβῆναι,
1573 344 1646 383 καί

215 404 285 445 διὰ
318 407 389 457 τῆς
419 403 584 459 Λιβύης
626 404 838 446 ἐπανιέναι
883 408 925 454 ές
950 405 1024 458 τὴν
1053 405 1203 448 ἑαυτοῦ
1231 406 1390 459 χώραν,
1423 406 1643 459 ξύμπασαν

214 467 471 521 ὑπαγόμενος
498 471 572 523 τήν
601 469 728 525 ταύτῃ
757 466 926 523 ἤπειρον
955 473 1026 524 τῆς
1065 473 1316 525 οἰκουμένης.
1373 467 1642 525 ἐπρεσβεύετο

211 535 288 582 μὲν
319 529 393 573 οὖν
435 535 505 574 καί
542 533 642 587 πρὸς
679 534 747 574 τὸν
779 537 1007 585 Βυζαντίου
1050 538 1250 587 βασιλέα,
1281 537 1350 589 τήν
1377 551 1419 577 τε
1448 535 1675 588 ὃιάβασινῦ

212 597 453 648 αἰτούμενος
482 597 609 639 αὐτὸν
638 600 759 640 πλοῖά
789 615 833 640 τε
866 598 937 640 καί
958 601 1156 653 τριήρεις.

323 666 504 716 Λέγεται
545 664 589 704 δὲ
630 663 700 704 καί
741 664 832 704 τόδε
869 665 1068 716 βασιλεύς
1102 665 1289 718 Τεμὴρης
1332 668 1373 713 ές
1405 663 1639 719 Παιαζὴτη.

212 725 267 772 ὥς
294 725 370 779 γάρ
402 723 572 780 ἀπήχθη
619 728 643 781 ἦ
683 728 782 780 γυνη
814 731 965 782 αὐτοῦ,
997 725 1246 782 Ἐλεαζάρου
1277 727 1480 784 θυγάτηρ,
1513 725 1562 784 ἧς
1588 728 1640 784 δὴ

209 790 393 842 μα’λιστα
422 794 505 832 τῶν
534 789 669 833 ἄλλων
691 792 865 846 ἐραστὴς
895 793 1091 846 ἐτύγχανε
1108 795 1353 847 Παιαζήτης
1376 797 1448 835 καί
1473 795 1640 847 περιῆγε

208 858 304 906 μεθ’
338 853 491 897 ἑαυτοῦ
517 855 626 909 ἔχων
667 859 711 899 έν
742 861 797 913 τῷ
829 860 1115 915 στρατοπέδῳ,
1146 860 1368 912 ἐπιστῆσαί
1391 858 1428 900 οἱ
1460 860 1639 900 ἐναντίον
1654 865 1696 899 10

166 922 285 960 1)τοῦ
313 921 465 974 α’νὸρός
495 922 623 975 αὐτῆς
643 956 654 975 ‚
705 922 951 975 οἰνοχοῆσαί
975 922 1026 967 οἱ.
1092 924 1164 964 τόν
1209 925 1255 964 δὲ
1284 918 1332 963 εὖ
1360 922 1474 975 μάλα
1508 923 1638 974 ἀχθε-

208 987 362 1026 σθέντα
390 987 516 1026 εἰπεῖν
542 989 700 1039 λέγεται
729 989 843 1027 “α’λλ’
887 983 977 1027 οὔτ’
1002 985 1053 1028 ἂν
1079 987 1314 1043 συμφώνως
1342 990 1397 1043 τῷ
1425 990 1483 1043 σῷ
1512 989 1642 1039 πατρί

209 1052 281 1090 καί
304 1052 434 1104 μητρί
461 1050 671 1103 ἐργάζοιο·
745 1052 926 1092 ἰδιωτῶν
967 1051 1047 1106 γὰρ
1077 1053 1235 1093 τούτων
1263 1054 1335 1092 καί
1363 1051 1543 1105 πενήτων
1568 1067 1640 1104 γε·-

208 1113 377 1166 νόμενος
416 1116 572 1163 δι’καιος
616 1113 667 1156 ἄν
708 1115 795 1168 εἴης
845 1113 938 1157 ὥστ’
979 1114 1030 1157 (ἲν
1073 1119 1392 1170 ἐπικερτομῆσαι
1431 1118 1639 1168 βασιλέων

211 1181 395 1220 παισιίε
428 1183 500 1220 καί
525 1184 708 1233 γυναιξί,
739 1180 810 1221 καί
836 1182 1062 1233 ε”ξυβρίζεις
1092 1182 1133 1230 ές
1178 1181 1274 1228 τούς
1305 1179 1405 1228 σούς
1436 1183 1483 1236 τῇ
1511 1179 1637 1235 φύσει
1653 1187 1695 1219 15

211 1242 453 1292 δεσπότας.”
480 1244 613 1300 τούτῳ
640 1248 716 1297 μὲν
741 1249 916 1286 τοιαῦτα
946 1248 1096 1298 λέγοντι
1125 1247 1283 1299 γέλωτά
1313 1261 1356 1287 τε
1385 1247 1514 1286 ἐποίει
1541 1245 1639 1292 τούς

209 1308 368 1362 λόγους,
401 1311 471 1349 καί
486 1308 770 1361 ἐπιχλευάζων
789 1311 1045 1351 ἐπέσκωπτεν
1065 1306 1131 1351 οἷα
1152 1311 1273 1351 οὐδὲν
1296 1309 1408 1362 ὖγιὲς
1426 1305 1518 1350 οὔτε
1536 1323 1640 1363 φρο-

207 1375 342 1414 νοῦντι
374 1369 469 1414 οὔτε
497 1374 666 1426 λέγοντι.

322 1437 372 1479 Οἱ
410 1441 552 1491 μέντοι
585 1439 839 1490 Παιαζήτεω
868 1434 1089 1493 ἄρχοντες,
1136 1441 1177 1487 ἐς
1214 1437 1359 1492 λόγους
1393 1437 1638 1493 α’φικόμενοι

98 1516 196 1550 ν,67
210 1508 293 1550 τοῖς
329 1501 521 1557 Τεμὴρεω
556 1503 773 1557 ὀρυκταῑς,
800 1498 826 1558 ᾖ
858 1507 1012 1558 φασίν,
1043 1504 1273 1556 ὑπέσχοντο
1311 1503 1508 1557 ἀργύριον
1527 1504 1636 1545 τελέ·
1649 1506 1694 1540 20

98 1580 133 1612 Ρ.
150 1579 195 1612 85
209 1584 281 1610 σαι
310 1568 517 1620 πάμπολυ,
547 1569 586 1608 εἰ
611 1568 832 1621 ὑφέλοιντο
861 1568 1084 1622 Παιαζὴτη
1113 1568 1400 1622 ὑπορύξαντες.
1457 1566 1560 1610 ἔνθα
1588 1569 1636 1622 ὃν)

212 1757 308 1785 rente
334 1753 368 1785 in
394 1753 567 1796 Europam
595 1754 850 1796 profectionem
876 1754 1034 1798 parabat,
1062 1753 1359 1798 quemadmodum
1388 1763 1493 1797 supra
1521 1753 1637 1794 docui,

213 1805 251 1831 ut
274 1799 310 1831 in
336 1810 409 1830 eam
431 1804 646 1832 transvectus
673 1801 870 1832 universam
893 1802 928 1832 in
954 1800 1128 1832 dicionem
1149 1801 1332 1844 acciperet,
1359 1810 1470 1844 usque
1491 1799 1534 1831 ad
1551 1799 1631 1831 Her-

211 1845 297 1877 culis
323 1846 501 1877 columnas
527 1845 765 1888 progrediens.
823 1845 906 1878 inde
934 1847 969 1878 in
997 1846 1136 1888 Libyam
1173 1847 1239 1878 iter
1264 1851 1418 1878 avertere
1445 1850 1480 1877 et
1505 1857 1548 1877 ex
1571 1845 1636 1877 Li-

209 1891 278 1933 bya
305 1892 340 1922 in
365 1902 460 1922 suam
488 1892 664 1933 regionem
689 1892 802 1923 redite
829 1892 863 1923 in
889 1893 1044 1924 animum
1071 1892 1273 1932 inducebat,
1299 1892 1460 1924 universa
1485 1891 1551 1924 ista
1575 1902 1634 1924 or-

211 1937 265 1969 bis
293 1938 497 1969 continente
533 1938 679 1980 imperio
715 1949 776 1969 suo
811 1938 942 1970 iuncta.
990 1939 1085 1970 misit
1110 1939 1242 1980 legatos
1268 1937 1311 1970 ad
1339 1937 1495 1979 Byzantii
1520 1943 1634 1980 regern

210 1988 335 2027 petens
375 1982 523 2014 liberum
563 1984 747 2015 transitum
783 1989 818 2015 et
844 1995 948 2017 naves
984 1985 1232 2029 triremesque,
1257 1984 1387 2028 quibus
1413 1983 1531 2027 copias
1556 1993 1635 2016 suas

211 2029 447 2061 transmittere
467 2034 595 2072 posset.

302 2086 414 2118 Etiam
448 2087 548 2118 istam
581 2086 743 2118 iniuriam
772 2086 930 2118 Temires
972 2086 1111 2119 Paiaziti
1154 2087 1248 2118 fecit.
1299 2091 1336 2118 ut
1361 2085 1455 2117 enim
1481 2085 1635 2117 Eleazar-i

212 2133 296 2172 filia,
323 2132 480 2165 Paiazitis
505 2143 592 2164 uxor
609 2155 618 2171 ,
658 2143 760 2175 quam
788 2143 869 2175 prae
894 2133 1040 2164 caeteris
1067 2132 1309 2165 ardentissimo
1336 2142 1451 2164 amore
1478 2131 1635 2174 comple-

211 2179 368 2211 ctebatur
397 2183 432 2210 et
457 2189 571 2212 secum
606 2181 642 2209 in
673 2178 792 2210 castris
819 2189 955 2221 semper
982 2178 1152 2217 habehat,
1183 2179 1320 2222 captiva
1345 2176 1495 2209 abducta
1516 2182 1568 2209 est
1591 2176 1635 2208 ad

210 2226 399 2263 Teum-em,
424 2225 514 2256 iussa
551 2229 604 2256 est
638 2224 673 2255 iu
707 2230 894 2266 conspectu
928 2225 1042 2256 mariti
1080 2225 1132 2257 sui
1166 2225 1283 2256 viuum
1308 2223 1506 2255 infundere.
1554 2219 1637 2254 hinc'

211 2271 378 2304 Paiazites
403 2270 452 2301 ira
479 2281 641 2302 accensus
669 2270 703 2301 in
741 2269 826 2301 haec
863 2269 968 2301 verba
1001 2271 1162 2314 prorupit
1185 2276 1325 2313 “neque
1352 2274 1496 2314 paterno
1519 2279 1635 2312 neque

212 2323 368 2349 materno
397 2321 456 2348 tuo
490 2327 615 2359 genere
644 2315 746 2358 digna
775 2316 871 2347 facis.
920 2327 996 2347 eum
1033 2317 1124 2348 enim
1157 2322 1261 2348 natus
1290 2317 1334 2347 sis
1361 2326 1404 2347 ex
1429 2313 1635 2358 parentibus

212 2363 332 2395 idiotis
359 2368 394 2394 et
419 2362 576 2404 ingloriis
600 2361 898 2405 pauperibusque,
925 2361 1020 2393 haud
1047 2363 1112 2394 tibi
1137 2362 1301 2394 decorum
1327 2367 1380 2394 est
1404 2360 1491 2393 adeo
1518 2359 1634 2404 turpi-

213 2415 265 2441 ter
291 2409 458 2441 insultare
493 2419 608 2450 regum
647 2407 769 2439 liberis
809 2413 844 2439 et
879 2407 1058 2439 uxoribus.
1120 2408 1187 2439 lioc
1221 2407 1325 2440 modo
1357 2408 1462 2439 etiam
1488 2417 1548 2439 eos
1572 2405 1634 2450 qui

213 2455 277 2486 tibi
305 2460 428 2486 natura
453 2460 534 2486 sunt
559 2454 704 2492 domini,
732 2453 867 2496 probris
882 2455 1038 2485 oneras.’'
1066 2453 1153 2486 haec
1177 2453 1296 2486 dicens
1323 2455 1500 2496 ingentem
1527 2453 1633 2485 risum

212 2500 375 2532 movebat
400 2500 529 2532 Temiri
548 2524 556 2538 ‚
595 2500 654 2544 qui
693 2498 868 2531 homiuem
909 2511 971 2543 pro
1012 2499 1168 2532 ludibrio
1194 2499 1368 2537 habebat,
1394 2504 1434 2531 ut
1456 2498 1518 2543 qui
1543 2496 1634 2530 nihil

213 2547 287 2578 sani
315 2558 379 2578 nec
407 2546 541 2578 diceret
567 2557 632 2578 nec
656 2551 805 2589 saperet.

306 2593 465 2624 Paiazitis
493 2592 598 2624 duces
625 2603 700 2623 cum
728 2592 762 2623 in
797 2591 1013 2633 conoquium
1047 2590 1227 2622 venissent
1252 2590 1401 2622 Temiris
1431 2587 1634 2628 fossoribus,

214 2648 274 2669 eos
301 2639 475 2681 promissis
505 2638 754 2676 accendebant,
784 2637 898 2669 daturi
923 2636 1124 2668 immensam
1148 2638 1279 2679 argenti
1309 2637 1387 2675 vim,
1413 2636 1439 2667 si
1466 2634 1632 2666 cuniculo

213 2689 291 2716 acto
320 2684 355 2715 in
394 2695 467 2716 eam
505 2690 694 2717 castrorum
729 2689 878 2728 partem,
913 2682 971 2714 ubi
1005 2682 1140 2714 vinctus
1174 2682 1418 2715 asservabatur
1453 2680 1633 2720 Paiania,
