1858 3210
487 193 559 235 DE
583 192 758 234 REBUS
798 190 1065 234 TURCICIS·
1091 193 1139 232 L.
1165 193 1217 232 X.
1485 187 1581 233 525

117 293 167 332 τε
192 288 219 330 ὅ
245 290 316 345 τῆς
345 287 501 337 πόλεως
527 285 695 343 ἡγεμών
721 291 795 344 τῆς
825 290 972 344 νήσου,
1003 292 1076 330 και·
1104 289 1359 344 ἀφικόμενος
1386 291 1428 339 ἐς
1456 293 1582 342 βασι-

117 357 195 402 λέα
222 351 506 410 προσεκύνησέ
533 370 576 397 τε
613 351 704 407 ἅμα
732 357 805 397 καί
831 354 999 411 ἔφασκε.
1037 355 1176 397 τοιάδε
1204 350 1267 396 “ai
1294 357 1488 409 βασιλεῦ,
1519 350 1584 396 οἶ-

116 427 204 465 σθα
232 424 311 475 μὲν
337 419 395 468 ὥς
426 421 469 470 ἐξ
513 417 611 462 ὅτου
655 423 698 470 ἐς
726 419 802 476 τὴν
832 421 1055 475 ἡγεμονίαν
1100 423 1170 475 τῆς
1200 421 1330 476 νήσου
1358 423 1487 476 τῆσδε
1513 437 1584 463 πε-

118 489 308 544 ρι’ἧλθον,
336 481 432 529 οὔτε
459 487 554 535 τούς
584 483 736 541 ὅρκους
763 489 952 542 παρέβην
977 486 1168 540 πώποτε,
1203 488 1277 530 καί
1305 487 1624 542 α’νδραπόδωνΒ

34 590 37 596 .
83 552 332 608 δῦποδοχήν
360 552 418 602 ὥς
448 552 650 594 οὐδέποτε
676 553 952 607 εἰργασάμην,
984 554 1091 607 δῆλα
1118 549 1170 594 ἂν
1201 555 1360 607 γένοιτο
1388 555 1471 596 ὑπὸ
1503 557 1594 596 τῶν,

115 621 215 677 τῇδε
244 621 319 674 τῆς
345 619 488 668 Ἀσίας
516 621 767 673 ἐπιχωρίων,
795 617 852 667 ὦς
893 614 1045 661 αὐτίκα
1077 618 1334 672 ἁλισκόμενα
1362 619 1587 662 ἀπεδίδοτο

114 687 186 729 ὑπ’
217 687 340 740 ἐμοῦ.
399 687 474 727 καί
500 686 690 738 σπουδήν
719 683 973 740 ἐποιούμην,
1002 681 1108 727 ὅπου
1145 687 1227 727 τῶν
1256 685 1474 740 ὑμετέρων
1501 689 1588 728 τινί

114 752 368 811 ἀνδραπόδῳ
399 752 622 808 περιτύχοι
651 766 734 803 τις,
771 749 880 792 ἑλεῖν
906 767 949 793 τε
978 753 1052 793 καί
1091 754 1134 801 ἐς
1167 751 1240 794 τὸν
1271 752 1474 808 δεσπότην
1503 756 1588 795 av'-

114 821 193 861 τοῦ
222 819 468 872 α’παγαγεΐν.
539 817 638 866 τούς
684 818 730 860 δὲ
772 816 975 870 πειράτας
1015 816 1324 871 ὑποδεχόμενος
1372 816 1586 871 ἔπρασσον

56 881 139 924 10‘'
116 900 230 933 οπως
243 901 304 939 μη
323 883 398 938 τὴν
414 882 561 938 χώραν
578 884 803 937 ληιζωνται
821 888 892 925 καί
917 885 1116 942 δῃοῦντες
1137 885 1409 940 λεηλατωσιν.
1445 880 1586 960 ἀφορ-

113 950 199 1006 μήν
224 965 268 992 τε
297 949 441 991 omrem
462 946 623 990 τούτων
651 947 779 1003 ἔγωγε
799 948 1065 1003 παρειχόμην
1097 946 1203 990 ω’στε
1232 947 1308 1003 τήν
1326 951 1476 1002 χώραν
1506 966 1584 1003 την

116 1016 195 1071 σὴν
219 1013 425 1070 βλάπτειν
473 1016 756 1063 ἐπιπλέοντας.
823 1018 898 1056 νῦν
930 1016 976 1057 δὲ
1017 1013 1104 1070 ἥκω
1131 1014 1247 1069 παρὰ
1278 1016 1326 1056 σὲ
1358 1015 1480 1057 πόλιν
1505 1018 1586 1068 μὲν

114 1082 240 1138 τήνδε
270 1079 536 1136 παραδιδοὺς
568 1079 642 1122 καί
679 1083 806 1135 νῆσον
836 1080 1086 1135 ξύμπασαν,
1116 1083 1320 1134 αἰτοῦμαι
1351 1082 1398 1123 δέ
1426 1097 1502 1137 οοι,
1531 1081 1627 1130 nice

115 1148 282 1198 ευνοιάς
308 1163 352 1191 τε
390 1145 534 1201 ε’χοιμι
579 1147 678 1202 περὶ
704 1147 753 1190 τὰ
794 1146 849 1189 σοὶ
881 1147 1129 1201 πράγματα,
1173 1145 1286 1189 οὕτω
1332 1149 1587 1200 damma-‘iac

4 1224 17 1262 ,ξ
58 1214 294 1270 mmmmm
330 1211 482 1268 ἦμᾶςΡ
548 1213 681 1256 ταῦτά
715 1229 758 1255 τε
798 1211 935 1267 ἔλεγε,
967 1231 1035 1255 και
1070 1217 1154 1256 τῶν
1185 1213 1382 1268 δακρύων
1410 1216 1586 1266 μεθίετο

3 1285 16 1314 f
114 1281 195 1324 οὐκ
223 1281 361 1335 ὄλίγα,
390 1279 565 1336 φάσκων
603 1278 661 1328 ὥς
701 1281 821 1321 α’νοιόι
871 1283 952 1321 τῶν
993 1281 1133 1323 οἰστῶν
1173 1281 1248 1322 οὐκ
1286 1281 1483 1336 ἀφίκοιτο
1512 1280 1587 1335 τὴν

7 1339 13 1357 ²
114 1343 253 1402 ἇρχὴν
285 1344 453 1399 αὐτίκα,
484 1344 554 1387 ὅτε
581 1343 748 1399 ταγαθοὶ
794 1348 1062 1401 ἐπηγγέλλετο
1093 1347 1207 1404 αὐτῷ
1235 1345 1448 1400 βασιλεύς.
1506 1350 1586 1399 βα·

0 1437 7 1456 ι
116 1413 260 1462 σιλευς
292 1415 338 1455 δὲ
378 1412 720 1467 ἐπιμεμφόμενος
758 1413 871 1469 αὐτῶ
919 1429 995 1466 την
1033 1411 1361 1467 α’γνωμοσύνην,
1405 1414 1497 1454 ov'd'
1528 1410 1586 1461 ὥς

0 1488 10 1530 'f
111 1478 342 1534 α’τυχησειν
373 1477 501 1520 αὐτὸν
521 1477 702 1532 ἔφασκεν
733 1479 909 1519 ὁτουοῦν
939 1495 1021 1520 των
1039 1479 1228 1532 ἀγαθων,
1259 1479 1351 1520 ἀλλ’
1383 1476 1511 1520 αιῖτόν
1538 1493 1582 1520 τε

0 1537 8 1573 3*
52 1550 99 1586 20
113 1544 379 1600 ησθήσεσθαι
411 1543 658 1598 παραδόντα
687 1540 838 1585 εαυτὸν
869 1561 926 1600 τῳ
953 1547 1132 1599 βασιλεῖ’,
1161 1561 1231 1586 και
1263 1541 1314 1599 ἦν
1341 1545 1470 1602 εὕνοῇ
1496 1550 1582 1593 τοῖς

111 1613 248 1657 αύτοῦ
274 1611 530 1666 πράγμασιν,
559 1610 636 1651 οὐκ
665 1608 1027 1665 α’χθεσθήσεσθαί
1040 1625 1140 1652 ποτε
1172 1609 1242 1652 διὰ
1274 1612 1412 1652 τοῦτο.
1442 1610 1578 1652 ταῦτα

5 1162 14 1196 ‘⁴
0 1131 21 1150 ''-
6 1033 27 1111 ⁴···'¹⁸„
3 738 32 1016 J‘ssmvknr-iim

206 1715 260 1751 19.
291 1710 402 1756 αὐτὸς
431 1717 604 1763 ἔφασκον
630 1716 774 1763 ὁτῳοῦν
801 1717 823 1749 Ρ

111 1823 252 1858 insulae
277 1825 456 1869 princeps,
484 1824 657 1857 continuo
683 1824 721 1856 in
744 1824 911 1868 gaudium
930 1825 1138 1866 effunditur,
1168 1830 1205 1858 et
1230 1825 1267 1857 in
1288 1825 1440 1857 insulam
1465 1825 1578 1857 traie-

113 1873 176 1913 eit,
208 1870 425 1917 lubentique
449 1873 569 1904 animo
596 1871 755 1904 admittit
779 1872 952 1916 principis
986 1883 1074 1916 quas
1101 1872 1371 1917 praescribebat
1394 1871 1578 1904 condicio-

107 1919 198 1962 hes·
225 1919 348 1964 aitque
375 1930 412 1951 se
441 1917 540 1951 bisce
562 1918 836 1951 condicionibus
878 1920 1016 1952 insulae
1053 1920 1207 1963 principi
1237 1919 1366 1951 foedus
1395 1924 1431 1951 et
1455 1929 1579 1963 pacem

112 1966 294 2000 daturum.
346 1977 426 1998 cum
450 1966 516 1997 iam
547 1976 602 1998 res
631 1965 798 2011 utrinque
824 1966 956 2006 decisa,
988 1972 1024 2000 et
1048 1966 1134 1999 tides
1162 1965 1318 1998 foederis
1345 1965 1577 1998 iureiurando

113 2014 286 2068 utrinque
314 2013 529 2058 interposito
550 2018 694 2057 accepta
714 2018 820 2053 esset,
844 2014 934 2046 urbe
952 2014 1204 2057 egrediebatur
1222 2014 1364 2046 insulae
1390 2014 1575 2058 priuceps3

114 2067 152 2095 et
175 2061 324 2094 veniens
348 2059 392 2092 ad
434 2070 549 2103 regem
577 2071 656 2092 eum
700 2060 838 2100 adorat,
864 2066 901 2094 et
928 2061 1179 2094 huiuscemodi
1207 2061 1406 2093 orationem
1432 2059 1578 2092 exordi-

114 2108 208 2142 turff'
255 2107 364 2147 nosti,
390 2119 410 2140 o
439 2117 512 2146 rex,
539 2118 581 2139 ex
613 2118 686 2152 quo
717 2108 868 2140 insulam
895 2109 997 2141 istam
1027 2119 1149 2152 regere
1176 2109 1322 2152 occepi,
1347 2119 1402 2140 me
1430 2108 1578 2140 iurisiu-

115 2155 216 2188 randi
244 2155 457 2199 religionem
493 2159 686 2187 temerasse
718 2166 914 2200 nunquam.
977 2156 1075 2202 quod
1101 2162 1220 2189 autem
1249 2155 1426 2209 mancipia
1453 2166 1495 2186 ex
1522 2166 1578 2187 re-

114 2203 222 2247 gione
248 2207 310 2236 tua
338 2202 371 2235 vi
400 2201 622 2247 praedonum
658 2201 833 2236 abstracta
857 2213 930 2236 non
957 2204 1236 2248 receptaverim,
1266 2203 1346 2235 sciri
1371 2202 1504 2247 poterit
1531 2202 1576 2234 ab

112 2250 158 2284 iis
187 2250 251 2295 qui
273 2249 379 2283 Asiae
403 2249 483 2282 loca
507 2249 684 2282 incolunt
733 2260 813 2282 nam
842 2250 1031 2295 mancipia,
1057 2250 1319 2296 quamprimum
1343 2248 1578 2294 capiebantur
1621 2252 1633 2259 “’

114 2304 135 2331 e
161 2301 223 2330 tua
248 2297 414 2341 regione,
451 2297 624 2330 continuo
663 2307 682 2328 a
708 2308 764 2330 me
802 2297 958 2330 dominis
982 2298 1056 2330 suis
1083 2297 1338 2330 reddebantur.
1388 2301 1577 2341 praeterea

113 2345 307 2378 maximum
331 2343 421 2376 mihi
446 2343 518 2376 fuit
540 2344 698 2376 studium
724 2350 782 2386 ut,
811 2344 926 2377 sicubi
952 2350 1071 2378 vestra
1097 2345 1273 2389 mancipia
1294 2345 1374 2389 quis
1400 2348 1494 2376 esset
1512 2354 1577 2376 na·

113 2392 205 2432 ctus,
235 2402 276 2424 ea
305 2391 426 2423 statim
450 2390 602 2424 dominis
627 2391 701 2424 suis
734 2392 1023 2426 restituerentur.
1060 2392 1157 2438 quod
1192 2392 1324 2436 piratas
1353 2391 1507 2434 suscepi,
1534 2401 1576 2423 ea

115 2439 228 2484 gratia
251 2438 384 2471 factum
409 2443 475 2478 est,
501 2449 548 2470 ne
585 2438 737 2484 praedas
774 2451 818 2472 ex
855 2450 933 2472 mea
973 2440 1119 2483 regione
1151 2444 1300 2482 agerent
1324 2448 1476 2491 eamque
1514 2448 1576 2470 va-

114 2485 242 2519 stando
270 2490 550 2530 corrumperent.
600 2497 668 2518 nec
692 2486 758 2519 ulli
788 2485 915 2519 horum
950 2498 1107 2532 unquam
1132 2487 1190 2519 vel
1221 2487 1444 2518 occasionem
1467 2495 1576 2528 prae-

112 2532 176 2566 bui
193 2532 252 2565 vel
277 2532 467 2565 consilium
493 2531 591 2572 dedi,
619 2538 659 2566 ut
684 2532 940 2577 adnavigantes
961 2535 1152 2578 quicquam
1181 2533 1303 2565 damni
1325 2531 1461 2575 regioni
1491 2537 1575 2564 tuae

113 2580 363 2625 importarent.
413 2590 508 2612 nunc
533 2585 652 2613 autem
677 2580 722 2613 ad
751 2586 788 2614 te
814 2583 939 2622 venio,
963 2581 1090 2613 urbem
1115 2586 1223 2625 atque
1253 2580 1344 2612 adeo
1375 2579 1575 2612 universam

114 2627 268 2660 insulam
293 2626 362 2659 tibi
398 2626 553 2660 tradens.
609 2628 762 2673 supplex
799 2639 883 2662 vero
910 2634 945 2661 te
985 2639 1047 2660 oro
1079 2633 1141 2667 ut,
1171 2625 1481 2673 quemadmodum
1509 2626 1576 2659 ha-

113 2679 239 2707 ctenus
268 2673 372 2706 rebus
397 2673 467 2706 tuis
494 2673 686 2717 plurimum
712 2675 991 2709 benevolentiae
1018 2676 1197 2720 praestiti,
1231 2674 1282 2707 ita
1308 2672 1412 2706 nobis
1442 2674 1574 2716 gratias

115 2721 247 2755 referat
275 2723 359 2754 rex!
435 2719 523 2753 baec
559 2720 703 2766 quidem
727 2722 820 2755 fatus
849 2729 925 2763 est,
954 2727 990 2755 et
1018 2722 1194 2766 lacrymae
1219 2721 1396 2754 cadebant
1424 2720 1574 2754 obortae

116 2767 252 2803 dicenti
279 2768 420 2802 inscitia
445 2767 708 2814 oppidanorum
733 2769 865 2803 sactum
895 2781 983 2810 esse,
1012 2769 1112 2815 quod
1131 2781 1206 2803 non
1233 2769 1351 2802 statim
1376 2767 1419 2800 ab
1445 2769 1570 2809 initio,
