1884 3178
490 177 562 215 DE
603 176 774 216 REBUS
813 173 1066 215 TURClClS
1107 175 1152 214 L.
1183 175 1254 214 ΙΙΙ.
1491 167 1583 214 119

227 274 299 324 ιΩς
329 273 424 325 τοὺς
446 274 692 329 (Υρκανίους
719 271 955 330 ὖπηγάγετο
992 271 1186 328 Τεμηρης
1214 272 1288 315 καί
1314 271 1386 314 τὸν
1407 263 1594 327 βασιλέα

123 343 278 386 τούτων
305 343 484 394 α’νεΐλεν,
511 339 784 394 ἐστρατεύετο
805 340 878 383 ἐπί
897 339 1209 388 Καδδουσίους.
1268 339 1341 381 καί
1366 335 1480 381 οὗτοι
1511 341 1590 393 μὲν

123 411 396 460 συλλέξαντες
426 406 634 464 στρατιάν
677 407 877 462 μεγιστην
919 405 1283 461 παρεσκευάζοντο
1311 403 1368 455 ὥς
1401 403 1594 458 α’μυνού..

123 489 267 530 μενοι,
307 470 359 529 ἢν
393 475 489 532 ἐπίῃ
531 473 742 531 Τεμήρης·
815 471 1012 528 Τεμὴρης
1053 473 1100 513 δὲ
1146 469 1202 520 ὥς
1242 467 1394 528 ᾔσθετο
1422 474 1632 520 τούτουςΒ

95 543 506 598 δστρατευομένους,
548 541 704 594 πέμπει
748 537 972 594 Χαϊδάρην
1014 539 1086 580 ε’πί
1111 537 1186 594 την
1218 538 1340 581 πόλιν
1367 539 1507 580 αὐτῶν
1538 539 1596 588 ὥς

125 606 303 652 ἑλοῦντα
330 608 407 660 τὴν
435 606 638 662 ταχίστην
669 607 743 648 καί
773 603 1130 660 πολιορκήσονται·
1201 604 1329 653 αὐτὸς
1362 608 1407 647 δὲ
1442 607 1595 659 ἐπέμε-

127 691 194 718 νεν
222 675 659 729 ἐστρατοπεδευμένος
699 673 999 727 παρεγγυτάτω
1043 677 1132 720 τοῖς
1170 672 1470 721 Καδὸουσιόις.
1528 674 1593 714 ἐν·

129 743 270 784 ταῦθα
298 742 346 782 δὲ
376 740 433 789 ὥς
460 738 671 782 ἐπύθοντο
700 738 738 781 οἱ
770 738 1036 781 Καδδούσιοι
1067 736 1167 786 τούς
1196 740 1423 790 πολεμίους
1453 740 1495 788 ἐς
1519 738 1597 792 την

129 807 248 850 πόλιν
275 807 416 849 αὐτῶν
443 805 610 859 ἰόντας,
652 805 706 848 τοὶ
753 804 933 858 ἔμπαλιν
971 802 1188 858 γενόμενοι
1217 802 1328 846 ἵεντο
1356 805 1498 845 οὐδενὶ
1524 804 1596 845 κύ..

74 885 220 932 ιοσμῳ
255 875 298 923 ές
335 872 410 927 τήν
453 872 585 914 πόλιν.
656 874 845 914 ἐνταῦθα
886 873 1117 913 ἐπιτίθεται
1157 872 1300 919 αὐτοῖς
1349 871 1488 913 ἰοῦσιν
1528 872 1651 912 salv.
1666 875 1710 908 50

126 938 206 995 τὴν
234 938 350 980 πόλιν
373 939 568 994 Τεμήρης
596 939 678 981 σὺν
707 940 763 995 τῶ
792 935 947 980 ἑαυτοῦ
964 938 1145 993 στρατῷ,
1175 939 1247 978 καί
1266 939 1596 991 τεταραγμένοις

127 1004 322 1059 ἐμβαλών
365 1007 594 1061 ἐτρέψατο,
633 1022 701 1047 και
733 1003 899 1046 διώκων
926 1006 1000 1046 ἐπί
1037 1021 1113 1059 την
1141 1001 1262 1045 πόλιν
1305 999 1486 1059 tymme,
1526 1021 1594 1045 και

127 1073 406 1127 πολιορκήσας
437 1073 509 1115 ε’πὶ
538 1073 693 1128 χρόνον
723 1087 815 1113 τινα
847 1069 1159 1127 παρεστήσατο.

257 1137 379 1181 Meta
428 1141 477 1181 δὲ
520 1141 656 1182 ταῦτα
694 1137 966 1194 ἐστρατεύετο
1010 1136 1082 1179 ἐπὶ
1115 1136 1335 1191 Ἀραβίαν.
1391 1139 1508 1190 γένος
1549 1138 1634 1178 δὲΟ

75 1200 304 1259 ιδ”Αραβες
331 1208 438 1259 μέγα
468 1221 512 1248 τε
559 1207 633 1247 καί
660 1200 804 1259 ὄλβιον
843 1207 917 1246 καί
948 1204 1025 1246 α’νὰ
1057 1202 1135 1258 την
1165 1201 1312 1245 Ἀσίαν
1343 1202 1511 1252 ου’δενὸς
1542 1203 1594 1244 τά

127 1272 188 1319 εἰς
215 1271 488 1323 εὐδαιμονίαν
519 1270 778 1325 λειπόμενον,
810 1269 993 1312 παλαιόν
1021 1286 1064 1312 τε
1108 1267 1155 1310 ὂν
1185 1270 1257 1310 καί
1285 1270 1358 1310 eim*
1385 1270 1489 1310 πολὺ
1525 1272 1597 1324 τῆς

126 1338 271 1385 Ἀσίας
299 1338 455 1392 διῆκον,
486 1337 820 1392 προσχρώμενόν
853 1352 898 1380 τε
931 1338 984 1393 τῇ
1013 1337 1210 1392 θαλάσσῃ
1241 1338 1292 1392 τῇ
1321 1337 1491 1392 ἐρυθρᾷ
1517 1353 1595 1377 κα-

129 1405 326 1461 λουμένῃ.
385 1403 474 1446 ἔστι
503 1405 550 1445 δὲ
578 1404 602 1458 ἢ
628 1403 752 1457 χώρα
787 1400 895 1458 αὕτη
927 1404 1098 1458 μεγίστη
1131 1417 1174 1443 τε
1205 1402 1278 1442 καί
1305 1405 1505 1457 καλλίστη
1536 1404 1597 1444 σι’-

129 1469 256 1523 κῆσαι
283 1470 367 1511 τῶν
389 1469 496 1512 κατὰ
523 1469 596 1526 τὴν
619 1469 766 1513 Ἀσίαν
795 1472 966 1524 χωρῶν.
1024 1470 1196 1510 οἰκεῖται
1234 1469 1280 1510 δὲ
1314 1467 1396 1509 ὑπὸ
1428 1470 1597 1522 α’νὸραῖν

71 1536 410 1579 2οδικαιοτάτων
452 1539 528 1579 καί
569 1536 622 1579 τοὶ
669 1540 714 1586 ές
746 1537 976 1593 θρησκείαν
1018 1536 1159 1577 αὐτῶν
1199 1536 1468 1591 σοφωτάτων.
1526 1537 1600 1576 καί

127 1603 308 1654 βασιλέα
338 1604 582 1655 νομίζουσιν
622 1602 674 1644 οὐ
703 1604 930 1659 τύραννον,
971 1602 1064 1644 ἀλλ’
1094 1603 1137 1651 ἐς
1163 1601 1206 1644 τὸ
1231 1603 1464 1644 ἰσοδίαιτον
1489 1602 1598 1653 μᾶλ-

128 1671 200 1711 λον
227 1669 299 1711 καί
319 1667 513 1723 ἰσόνομον
551 1669 865 1723 καθιστάμενον
891 1671 1053 1725 σφίσιν.
1110 1667 1197 1711 ἔστι
1231 1669 1269 1709 δ’
1299 1668 1446 1719 αὐτοῖς
1470 1670 1595 1721 βασί-

221 1791 257 1826 6.
282 1791 423 1829 ἐλῶντα
448 1794 487 1834 R,
516 1792 646 1829 ἑλόντα
673 1793 697 1826 P
821 1790 1125 1839 πολιορκήσαντα
1154 1792 1178 1825 Ρ

223 1905 295 1939 Hos
319 1905 420 1939 bello
449 1911 620 1951 appetere
645 1907 806 1940 instituit
829 1906 1002 1947 Temires,
1029 1905 1090 1938 ubi
1118 1905 1301 1939 devicerat
1316 1906 1498 1949 Hyrcanos
1524 1905 1594 1938 lio-

133 1963 282 1998 rumque
309 1963 427 1996 regem
452 1964 471 1986 a
498 1954 703 1986 mortalium
722 1965 872 1986 numero
901 1954 1138 1987 subtraxerat.
1190 1959 1227 1987 at
1252 1953 1425 1987 Caddusii
1449 1959 1591 1986 contra-

131 1998 268 2033 hebant
294 2001 416 2046 copias
441 2011 546 2046 quam
575 2007 726 2046 potuere
751 2002 944 2042 maximas,
971 2002 1113 2034 fortiter
1147 2002 1378 2046 repugnaturi
1405 2000 1591 2034 accedenti

130 2047 278 2080 Temiri.
337 2048 499 2081 Temires
536 2053 575 2081 ut
600 2047 727 2081 didicit
751 2047 949 2081 Caddusios
980 2049 1028 2081 in
1054 2049 1158 2081 armis
1185 2059 1284 2090 esse,
1310 2060 1415 2094 quam
1440 2049 1591 2092 primum

131 2093 344 2128 Chaidarem
369 2095 484 2128 mittit
510 2101 755 2140 oppugnatum
789 2097 947 2150 ipsorum
976 2095 1126 2136 urbem,
1152 2101 1189 2129 et
1214 2102 1255 2129 ut
1281 2107 1358 2128 eam
1385 2095 1505 2128 subito
1534 2107 1592 2127 ca-

130 2146 244 2186 peret.
293 2142 371 2187 ipse
405 2147 525 2175 autem
552 2142 767 2186 expectabat
797 2143 846 2175 rei
883 2148 1051 2176 eventum
1078 2154 1185 2188 (piam
1205 2143 1376 2198 proxime
1406 2142 1592 2175 Caddusiis

129 2193 242 2222 castra
268 2199 331 2221 sua
355 2189 490 2222 locans.
540 2189 710 2222 Caddusii
739 2195 779 2222 ut
799 2190 1011 2223 intellexere
1037 2190 1176 2223 hostem
1202 2191 1239 2223 in
1270 2191 1427 2235 ipsorum
1466 2189 1589 2221 urbem

130 2235 362 2277 contendere,
387 2237 548 2282 palantes
579 2237 684 2270 nullo
719 2243 846 2270 ornatu
875 2243 912 2270 et
947 2237 1016 2282 ipsi
1043 2238 1081 2270 in
1110 2249 1208 2270 suam
1238 2238 1360 2270 urbem
1386 2237 1455 2269 iter
1482 2237 1591 2269 insti-

130 2287 244 2316 tuere.
293 2284 455 2317 Temires
481 2285 668 2317 venientes
696 2295 740 2317 ex
765 2283 904 2318 insiliis
933 2285 1114 2328 adoritur3
1149 2286 1299 2329 acieque
1326 2285 1499 2316 instructa
1528 2295 1588 2315 eos

130 2339 312 2374 aggressus
348 2330 461 2371 fudit,
505 2332 676 2377 fusosque
714 2332 908 2378 insequens
945 2331 988 2364 ad
1029 2333 1153 2364 urbem
1182 2343 1296 2377 usque
1323 2337 1474 2371 tractus,
1500 2341 1589 2367 eam

131 2388 208 2410 cum
235 2377 423 2423 aliquanto
444 2384 605 2423 tempore
631 2385 882 2424 oppugnasset,
908 2379 1054 2412 tandem
1082 2380 1188 2424 cepit.

224 2424 286 2457 His
314 2425 364 2457 ita
390 2427 541 2470 peractis
565 2426 732 2459 Arabiam
761 2426 860 2459 bello
887 2432 1012 2471 petere
1037 2428 1174 2460 statuit.
1225 2425 1357 2458 Arabes
1383 2435 1493 2468 genus
1522 2424 1588 2455 bo·

131 2470 268 2503 minum
294 2472 506 2516 opulentum
530 2485 696 2517 magnum
726 2478 762 2507 et
787 2475 994 2519 antiquum,
1020 2474 1126 2513 nulli,
1153 2478 1325 2518 quantum
1355 2472 1399 2503 ad
1431 2471 1590 2503 felicita·

132 2522 203 2551 tem
228 2518 373 2560 attinet,
401 2519 544 2560 cedens,
575 2531 651 2553 esse
671 2526 768 2554 certo
796 2526 955 2564 constat3
979 2499 1202 2565 multanique
1232 2520 1333 2552 Asiae
1362 2525 1499 2563 partem
1527 2530 1589 2551 oc

132 2569 252 2610 cupat,
282 2571 386 2598 utens
413 2568 501 2599 mari
528 2566 626 2613 quod
652 2567 810 2601 Rubrum
836 2570 1072 2601 nominamus.
1124 2573 1178 2600 est
1207 2572 1325 2599 autem
1353 2566 1506 2598 Aribum
1537 2578 1589 2598 r(-

132 2612 190 2656 gio
218 2613 388 2645 latissima
418 2619 455 2646 et
479 2614 522 2647 ad
550 2614 784 2648 habitandum
811 2617 972 2649 omnium
994 2616 1095 2648 Asiae
1123 2614 1307 2657 regionum
1334 2613 1587 2657 pulcherrima.

131 2659 195 2691 Viri
222 2660 421 2699 iustissimi,
448 2666 484 2694 et
513 2667 685 2706 quantum
709 2662 756 2695 ad
786 2663 998 2706 religionem
1025 2662 1202 2706 pertinet,
1227 2660 1480 2704 sapientissimi
1512 2671 1588 2692 eam

132 2711 270 2739 tenent.
329 2713 492 2740 creantes
519 2719 656 2753 regem,
683 2721 758 2742 non
784 2715 986 2753 tyrannum,
1011 2709 1072 2742 sed
1101 2709 1213 2740 virum
1244 2707 1439 2753 aequitatis
1467 2719 1589 2740 amnn-

133 2753 309 2786 tissimum
338 2759 374 2787 et
402 2755 552 2789 maxime
594 2757 851 2802 aequalitatem
881 2757 1151 2803 respicientem,
1191 2755 1340 2800 eligunt.
1368 2753 1508 2788 Arabici
1537 2767 1589 2787 re-
