1858 3210
22 47 41 102 »f

485 208 559 247 DE
596 206 769 247 Rssssns
808 203 1064 246 'funereis
1102 205 1149 246 L.
1180 205 1251 244 ix.
1490 195 1587 247 487

118 307 321 364 tumme?
349 309 408 366 τῷ
434 309 495 365 σῷ
524 305 606 362 τήνΔ
627 306 826 361 ἡμίσειαν
857 304 994 359 ἀρχὴν
1025 305 1274 360 ἐπιτρέπων,
1306 304 1349 353 ἐς
1379 303 1424 346 τὸ
1453 301 1586 358 ἥμισυ
1603 313 1638 348 P.
1656 314 1726 348 259

116 373 359 426 βασιλεύειν
395 371 581 427 ἐθέλεις,
612 373 703 414 ἀλλ’
751 370 1013 428 ἀφελόμενος
1059 370 1126 413 τὸν
1172 370 1362 426 ἀδελφὸν
1405 368 1476 412 τὸν
1512 369 1590 413 σὸν

117 439 348 492 σύμπασαν
378 435 460 494 ἤδη
487 439 562 493 τήν
592 436 730 493 ἀρχὴν
758 438 932 488 διέπεις,
964 438 1131 479 ὲναντιά
1161 438 1371 489 βασιλέως
1401 436 1589 493 φερόμε-

51 518 58 526 ’
118 521 218 559 νοςς
243 507 317 548 νῦν
346 502 421 548 οὖν
449 502 563 555 ὅπως
591 507 728 549 ταῦτα
756 502 828 546 ἐπὶ
866 503 912 544 ’τὸ
943 506 1108 556 βέλτιον
1129 505 1327 558 καταστῇ,
1358 501 1438 556 ἴθι,
1467 502 1590 554 ἐξιών

83 569 218 618 5ἔλθε
246 571 306 621 ὥς
332 575 524 626 βασιλέα,
554 570 715 615 σαυτὸν
752 569 995 624 ἐπιτρέψων
1021 584 1066 611 τε
1111 565 1199 621 ἅμα
1229 570 1303 610 καί
1332 568 1408 624 τὴν
1436 570 1589 625 ἡγεμο-

117 640 226 681 νίαν.
257 642 331 680 καί
356 635 464 682 οὕτω
494 639 647 696 σαφῶς
677 636 767 680 ἴσθι
793 636 851 685 ὥς
883 637 1008 678 ου’ὃὲν
1042 630 1175 689 ἄχαρι
1204 635 1452 688 πεισόμενος
1482 634 1591 691 πρὸς

114 708 337 761 βασιλέως,
367 707 466 748 οὐδὲ
497 705 540 747 τὸ
574 705 828 758 ὑπερβαλεῖν
856 701 986 756 χάριν
1015 702 1181 745 τοιάνδε
1210 701 1324 758 αύτῷ
1350 706 1590 755 καταθέμε·

117 786 199 820 νος.
256 771 331 814 καὶ
356 770 476 814 ἔσται
507 787 575 813 σοι
604 771 726 824 χώρα
759 770 833 810 οὐκ
864 767 1042 811 ἐλάττων
1070 769 1199 822 τῆσδε
1231 769 1304 821 τῆς
1328 770 1402 824 σῆς
1429 767 1590 824 χώρας,

118 839 191 881 καί
221 835 312 892 ἅμα
342 840 387 881 ἐν
416 837 630 894 α’σφαλείᾳ
646 836 848 890 βιοτεύων
870 836 1146 887 ειῗδαιμονιῖιν
1174 836 1252 886 μὲν
1281 829 1441 875 ἄλυπον
1473 836 1590 890 ἕξεις,

0 903 3 905 ’
63 910 107 946 10
120 905 346 958 πράγματα
376 905 423 945 δὲ
453 899 548 945 οὔτε
575 901 682 956 πρὸς
718 903 801 943 τῶν
831 902 1039 953 πολεμίων
1074 899 1174 955 ἡμῖν
1198 916 1243 941 τε
1274 903 1347 942 καί
1373 899 1443 942 σοι’
1467 898 1588 941 ἔσται

0 961 10 965 μ
117 973 192 1013 τοῦ
218 972 382 1023 λοιποῦ,
413 966 507 1013 οὔτε
537 969 643 1024 πρὸς
687 970 760 1011 τοῦ
789 969 979 1023 ἀδελφοῦ
1007 968 1299 1020 ἐπιτιθέιιένου
1328 968 1396 1009 σοι’
1424 966 1491 1007 slei
1518 969 1627 1015 καίΒ

118 1037 162 1086 ἐς
189 1035 264 1091 τὴν
294 1035 433 1092 α’ρχὴν
463 1036 822 1090 ἐπιβουλεύοντος.
879 1034 944 1076 ι”θι
974 1029 1066 1087 οὖν,
1096 1033 1227 1082 αὐτὸς
1255 1035 1406 1088 ἐξηγοῦ
1438 1030 1588 1077 ὄποιάν

84 1117 89 1121 “
115 1117 186 1147 σοι
214 1103 260 1147 ἐν
286 1105 337 1160 τῇ
366 1103 550 1160 Εύρώπῃ
581 1101 718 1157 α’ρχὴν
747 1104 883 1157 ζητεῖς
914 1098 1031 1154 παρὰ
1058 1103 1287 1155 βασιλέως,
1328 1099 1385 1150 (ὃς
1414 1096 1466 1142 ἂν
1497 1101 1591 1141 δια-

118 1168 346 1224 πράξωμαι
374 1169 474 1224 περὶ
502 1171 631 1223 αὐτῆς
665 1171 707 1217 ές
741 1168 812 1210 τὸν
843 1169 1060 1220 βασιλέα.”
1118 1168 1255 1209 ταῦτα
1286 1168 1366 1220 μὲν
1397 1169 1591 1220 ΙΙἸαχου-

2 1284 5 1292 ,
63 1247 106 1285 15
118 1236 279 1291 μούτης
309 1235 331 1276 ὅ
362 1234 599 1290 Μιχαήλου
631 1233 797 1290 ἡγεμών
821 1232 986 1287 ἔλεγεν·
1040 1231 1262 1289 Ἰσμαήλης
1295 1234 1335 1274 δ”
1362 1232 1590 1286 ὑπολαβών

119 1301 257 1356 ἔλεγεν
285 1303 401 1344 “α’λλ’
434 1303 566 1356 ἐχρῆν
591 1303 693 1355 μέν,
722 1296 759 1342 αἶ
787 1298 1110 1355 Μαχουμούτη,
1140 1301 1182 1350 ἐς
1212 1300 1309 1348 τούς
1338 1295 1476 1355 ἥρωος
1510 1314 1588 1340 πο-

117 1372 289 1422 λεμίους
312 1367 646 1424 στρατευόμενον
667 1368 741 1412 τὸν
766 1369 947 1421 βασιλέα
969 1368 1173 1420 ἐλαύνειν,
1189 1370 1264 1409 καί
1290 1367 1367 1408 οὐκ
1396 1369 1470 1409 ἐπὶ
1486 1364 1588 1416 τούς

119 1431 362 1491 ὅμσφύλους
379 1437 452 1477 καί
469 1433 739 1486 ὁμοκάπους·
769 1434 823 1475 ov'
847 1431 928 1488 γὰρ
957 1434 1082 1487 θέμις
1102 1429 1239 1486 ἄνδρα
1272 1432 1492 1488 ὁμόφυλον
1519 1431 1593 1474 καί

118 1498 408 1557 ὖπόσπονδον,
449 1500 508 1556 μή
539 1500 788 1554 ὑπάρξαντα
820 1501 1004 1553 ἀδικίας,
1037 1501 1244 1554 πρότερον
1272 1498 1496 1541 καταλύειν
1522 1496 1592 1541 ἐλ-

63 1565 261 1614 2θθόντα.
293 1566 413 1623 ἡμεῖς
429 1569 476 1610 δὲ
503 1563 599 1609 οὔτε
619 1563 767 1609 ἄδικόν
782 1583 823 1608 τι
842 1567 883 1615 ἐς
901 1569 1082 1620 βασιλέα
1110 1563 1354 1620 ἐπράξαμεν
1386 1561 1482 1607 οὔτε
1511 1563 1629 1615 τὰςο

117 1632 304 1682 σπονδὰς
334 1634 668 1687 παραβαίνομεν.
735 1635 776 1675 εἰ
804 1634 850 1675 δὲ
876 1635 1012 1676 ταῦτα
1038 1634 1118 1686 μὲν
1149 1628 1226 1675 οὖν
1262 1632 1337 1674 καί
1366 1633 1496 1683 αὐτὸς
1523 1636 1587 1676 ἐν·

118 1699 359 1754 τεθύμηται
387 1698 603 1754 βασιλεύς,
631 1698 739 1756 πρὸς
770 1701 816 1742 δὲ
840 1698 1022 1755 Χασάνη
1052 1699 1128 1741 τὸν
1155 1697 1340 1754 πόλεμον
1363 1698 1518 1755 ταύτην
1549 1697 1589 1741 οἱ

210 1819 246 1855 4.
276 1823 362 1857 ἴσθι
386 1823 411 1856 Ρ

118 1928 303 1977 plecteris,
329 1935 366 1962 et
390 1928 492 1963 fratri
520 1934 583 1963 tuo
608 1929 797 1963 dimidium
828 1930 1073 1976 principatum
1103 1929 1318 1971 concedens,
1344 1930 1449 1964 alteri
1477 1930 1586 1964 dimi-

119 1974 181 2009 dio
202 1976 420 2022 principatui
449 1978 627 2023 imperare
651 1989 723 2010 non
750 1977 832 2010 vis?
879 1977 943 2011 sed
968 1978 1104 2023 spolias
1133 1978 1280 2010 fratrem
1307 1976 1455 2010 dimidia
1484 1979 1586 2023 prin·

119 2023 259 2069 cipatus
287 2029 411 2069 parte,
444 2029 481 2058 et
517 2029 634 2058 totum
667 2024 846 2068 gubernas
864 2049 873 2065 ,
903 2036 971 2058 nec
998 2025 1141 2058 interim
1168 2025 1326 2058 abstines
1355 2026 1496 2058 iniuriis
1521 2025 1587 2058 ad-

116 2081 260 2104 versum
302 2076 339 2104 te
375 2081 571 2117 provocare
603 2083 733 2116 regem.
783 2083 879 2104 nunc
915 2073 1042 2117 igitur,
1083 2077 1122 2105 ut
1150 2083 1203 2104 res
1229 2078 1313 2105 tuae
1339 2072 1487 2106 meliore
1513 2073 1588 2106 sint

118 2116 214 2158 loco,
240 2117 389 2150 consulo
420 2124 460 2151 ut
486 2130 647 2163 egressus
674 2119 718 2152 ad
746 2130 861 2163 regem
890 2124 926 2152 te
952 2125 987 2152 et
1013 2119 1256 2164 principatum
1284 2120 1315 2152 ei
1344 2120 1473 2153 tradas.
1519 2131 1587 2152 nec

119 2165 298 2209 ingratum
318 2166 504 2211 experiere
535 2177 662 2210 regem.
715 2166 868 2211 proinde
895 2178 940 2200 ne
966 2167 1145 2199 cuncteris
1174 2167 1378 2199 huiusmodi
1407 2167 1584 2200 beneficio

118 2211 188 2246 tibi
219 2222 338 2256 regem
361 2211 557 2246 devincire.
621 2225 702 2246 nam
728 2215 813 2246 satis
840 2214 927 2254 scio,
966 2214 1074 2246 aliam
1103 2215 1257 2259 accipies
1283 2214 1327 2246 ab
1359 2226 1439 2259 rege
1467 2215 1587 2258 regio-

118 2269 203 2292 nem
231 2262 295 2292 tua
316 2270 546 2306 nequaquam
571 2261 769 2301 minorem,
813 2267 850 2294 et
889 2261 996 2294 beate
1032 2272 1230 2306 secureque
1265 2262 1383 2303 vives3
1416 2273 1482 2294 nec
1512 2262 1587 2294 ulla

119 2305 187 2339 tibi
215 2305 436 2349 interveniet
464 2307 620 2341 tristitia.
686 2319 752 2341 nec
785 2309 931 2352 negotia
966 2308 1032 2341 tibi
1074 2314 1180 2341 erunt
1219 2308 1389 2354 deinceps
1420 2315 1482 2342 aut
1508 2321 1587 2342 cum

118 2353 252 2396 nostris
275 2358 338 2386 aut
361 2365 440 2388 cum
467 2355 539 2387 tuis
580 2355 757 2388 hostibus.
817 2357 926 2388 etiam
954 2355 998 2388 ab
1039 2356 1146 2388 fratre
1174 2361 1238 2388 tuo
1267 2361 1364 2388 tutus
1391 2356 1470 2389 eris.
1521 2367 1588 2388 nec

119 2401 190 2434 erit
214 2399 328 2433 hostis
353 2402 415 2446 qui
442 2402 661 2447 principatui
689 2408 752 2435 tuo
770 2402 974 2436 insidietur.
1004 2403 1079 2447 ipse
1106 2403 1216 2446 igitur
1241 2403 1364 2447 profer
1391 2415 1498 2449 quem
1519 2403 1588 2436 tibi

119 2445 166 2480 ab
190 2458 271 2492 rege
298 2447 337 2480 in
363 2447 506 2493 Europa
546 2450 787 2494 principatum
830 2450 905 2483 dari
931 2450 1034 2488 velis,
1073 2461 1228 2495 eumque
1252 2450 1320 2482 tibi
1346 2450 1442 2495 apu‘d
1470 2461 1588 2494 regem

119 2494 358 2540 impetrabo.’'
421 2494 510 2528 haec
550 2496 696 2542 quidem
737 2497 879 2530 locutus
918 2503 972 2530 est
999 2496 1245 2530 Machumetes
1273 2497 1367 2538 dux,
1396 2498 1488 2530 filius
1515 2498 1588 2531 Mi-

119 2538 265 2575 chaelis.
316 2546 353 2574 at
377 2541 508 2576 Ismael
543 2543 765 2589 respondens
803 2545 924 2590 inquit
952 2550 1099 2576 “verum
1139 2543 1353 2589 oportebat,
1390 2555 1410 2577 o
1438 2544 1589 2577 Machu-

119 2593 227 2628 meta,
257 2599 375 2632 regem
404 2588 504 2623 bello
531 2591 704 2625 lacessere
730 2592 956 2625 Mechmetae
983 2590 1104 2624 herois
1131 2591 1276 2631 hostes,
1302 2603 1369 2624 nec
1397 2603 1462 2624 nos
1488 2591 1588 2625 bello

121 2635 279 2682 affligere
313 2636 376 2680 qui
402 2636 564 2671 eiusdem
592 2643 628 2672 et
653 2639 812 2672 nationis
839 2645 874 2672 et
905 2638 988 2671 fidei
1017 2650 1151 2673 sumus.
1179 2637 1276 2671 haud
1305 2638 1400 2672 enim
1426 2639 1476 2671 fas
1504 2651 1590 2673 cen·

121 2686 221 2716 setun·
246 2686 285 2715 ut
310 2682 446 2716 bellum
473 2691 616 2719 moveat
641 2691 763 2719 contra
790 2686 907 2719 virum
943 2685 1103 2718 eiusdem
1131 2687 1302 2727 nationis,
1331 2691 1367 2719 et
1393 2687 1430 2719 in
1460 2686 1588 2720 foedus

121 2735 344 2776 susceptum3
371 2736 557 2777 praeterea
593 2734 654 2778 qui
694 2745 767 2766 non
792 2734 893 2778 prior
916 2733 1064 2766 iniurias
1104 2733 1230 2766 fecerit
1254 2739 1290 2766 et
1315 2745 1395 2767 eum
1423 2745 1442 2766 e
1468 2734 1588 2768 medio

120 2777 251 2811 tollere
279 2782 426 2812 statuat.
484 2789 550 2812 nos
582 2779 727 2825 quidem
753 2781 885 2814 iniuria
924 2780 1025 2813 nulla
1050 2781 1232 2814 affecimus
1259 2791 1388 2825 regem,
1412 2792 1480 2816 nec
1506 2782 1588 2816 foe-
