1748 3210
202 178 225 217 1
235 173 296 219 76
559 175 777 216 LAONICI
820 174 1325 217 CHALCOCONDYLAE

203 274 352 327 διαβάς
395 271 670 325 κατεστήσατο
706 270 755 313 τὰ
800 272 953 314 ἐκείνου
993 273 1234 327 πράγματα,
1274 273 1302 332 ᾗ
1341 274 1476 320 ἐδόκει
1522 279 1634 335 αὐτῷ

199 340 494 392 α’σφαλέστατα
521 338 638 386 ἕξειν.
705 337 777 378 καί
804 335 1032 391 ἐπήλαυνεν
1061 340 1105 380 ἐν
1133 342 1188 395 νῷ
1215 339 1323 393 ἔχων
1349 343 1635 396 πολιορκήσειν

199 402 446 453 Βυζάντιον,
472 403 543 443 καί
569 404 617 458 τῇ
644 417 687 443 τε
719 403 861 458 Θέρμῃ
891 403 1067 454 πόλεμον
1097 404 1312 460 ἐπήνεγκε,
1341 406 1413 448 καί
1436 410 1490 465 τῷ
1530 412 1627 461 Τρι-

162 469 363 519 Ββαλλῶν
415 466 584 520 ἡγεμόνι
629 468 816 519 πολεμῶν
853 469 1080 521 διεγένετο,
1121 467 1191 523 τήν
1228 485 1273 511 τε
1312 472 1456 525 χώραν
1502 473 1632 514 αὐτοῦ

197 535 242 573 θ’
270 528 359 583 ἅμα
389 530 627 584 ληιζόμενος
666 531 737 572 καί
777 532 1061 586 Σπενὸερόβην
1098 532 1173 586 την
1219 533 1475 590 μητρόπολιν
1501 538 1664 578 athoni-V)

197 599 441 648 πολιορκῶν.
495 599 703 645 Στέπανος
741 599 817 649 μὲν
851 593 924 637 οὖν
967 592 1086 646 οὗτος
1131 599 1374 654 Ἐλεαζάρου
1404 604 1630 646 Πλαὸίκεω

195 663 266 715 τῆς
297 660 490 715 γυναικὸς
523 660 716 716 ἀδελφός,
743 662 926 709 Βοῦλκος
966 663 1013 703 δὲ
1042 659 1225 714 τοῦνομα
1257 663 1378 719 ἔχων,
1410 683 1466 716 ως
1490 667 1630 710 Ἐλεά..

197 728 323 779 ζαρος
355 723 604 780 ἐτελεύτησε,
632 726 705 778 τήν
720 741 765 766 τε
785 725 1005 780 ἡγεμονίαν
1036 729 1246 781 παρέλαβε
1272 729 1343 770 καὶ
1371 728 1630 787 ἐτυράννευε,

196 791 253 845 τῶ
279 806 321 831 τε
345 788 565 846 Παιαζήτῃ
595 791 976 843 συστρατευόμενος
1002 785 1027 846 ᾖ
1056 787 1107 831 ἀν
1135 795 1411 850 παραγγέλλῃ.
1443 811 1510 837 και
1537 795 1629 839 τότε

197 854 248 909 δη
281 854 325 896 ἐν
362 858 414 911 τῇ
453 854 557 908 πρὸς
587 854 903 909 Μουσουλμάνη
939 858 1135 912 γενομένῃ
1182 857 1298 913 μα’χῃ
1328 857 1433 911 πρὸς
1461 863 1517 917 τῷ
1542 865 1630 903 Βυ-
1644 869 1686 902 10

197 922 343 976 ζαντίῳ
368 921 546 973 μετέστη
574 935 619 960 τε
648 917 729 960 οἷπὸ
762 922 955 968 Μωσέως
998 920 1068 961 ἐπὶ
1096 920 1166 962 τὸν
1194 922 1378 978 α’ὃελφὸν
1406 924 1476 966 καί
1502 926 1630 980 ηὐτο-

193 987 375 1039 μόλησε·
449 986 500 1024 δι’
544 983 573 1026 οἳ
611 983 659 1038 δη
705 983 884 1031 πόλεμον
923 986 1132 1040 ἐπιφέρων
1169 987 1244 1040 τήν
1271 1003 1315 1028 τε
1348 988 1467 1030 πόλιν
1497 991 1631 1032 αὐτοῦ

195 1048 424 1100 ἐπολιόρκει
453 1049 523 1090 καί
553 1048 628 1102 τὴν
655 1049 800 1103 χώραν
829 1050 969 1102 ἐδὴου.
1029 1050 1085 1098 ὦς
1113 1053 1158 1093 δὲ
1178 1050 1415 1094 ἐπελαύνων
1442 1053 1632 1109 ἐπολιόρ-

195 1130 255 1154 κει
286 1112 540 1166 Βυζοίντιον,
572 1111 788 1167 ἐξηρτύετό
828 1129 873 1167 τε
910 1112 999 1166 ἅμα
1037 1113 1247 1171 ἐπιφέρων
1275 1133 1319 1158 τε
1355 1118 1429 1159 καί
1469 1121 1631 1172 ἐπέχων

154 1176 275 1219 Οὸσα
305 1180 379 1231 τῆς
405 1177 550 1231 χώρας
578 1176 771 1232 ἠδύνατο,
801 1179 872 1219 καί
899 1177 1079 1232 τριήρεις
1108 1180 1180 1221 καί
1207 1185 1330 1222 πλοῖα
1362 1182 1418 1231 ὥς
1449 1182 1629 1237 ἠδύνατο
1645 1193 1686 1226 15

194 1247 367 1284 πλεῖστα
411 1241 777 1298 ναυπηγησάμενος
805 1241 929 1299 ,ἐπῄει
972 1244 1043 1284 διά
1079 1260 1122 1285 τε
1159 1247 1231 1299 τῆς
1259 1247 1430 1300 η’πείρου
1461 1248 1533 1290 καί
1560 1249 1630 1290 διὰ

192 1306 419 1362 θαλάσσης.
477 1309 661 1350 ἐνταῦθα
689 1309 976 1361 πληρώσαντες
1006 1307 1043 1350 οἱ
1061 1306 1246 1364 Ἕλληνες
1265 1316 1387 1353 πλοῖα
1414 1308 1495 1354 ὅσα
1528 1311 1632 1367 ἐπῆν

193 1369 348 1425 αὐτοῖς,
376 1372 447 1413 καί
475 1374 525 1427 δη
556 1372 629 1413 καί
645 1370 837 1427 τριήρεις,
869 1373 1096 1426 ἡγουμένου
1118 1375 1430 1430 Ἐμμανουὴλου
1459 1379 1536 1418 τοῦ
1561 1377 1632 1419 νό-

189 1440 268 1479 θου
299 1437 486 1480 Ἰωάννου
514 1439 590 1479 τοῦ
615 1439 820 1490 βασιλέως
847 1438 1010 1490 παιδός,
1043 1438 1318 1493 α’ντανήγοντό
1340 1456 1384 1482 τε
1403 1443 1476 1483 καί
1503 1443 1630 1484 ἐναυ-

187 1503 399 1555 μάχησαν.
456 1519 524 1543 και
555 1504 746 1556 ἐνίκησαν
774 1501 812 1544 οἱ
831 1499 1032 1556 Ἕλληνες.
1102 1499 1218 1552 οὗτος
1247 1506 1293 1546 δὲ
1325 1505 1348 1546 ὁ
1373 1506 1626 1562 Ἐμμανουῆ.
1638 1522 1684 1556 20

191 1572 276 1617 λος,
306 1566 327 1609 ὃ
355 1569 430 1609 τοῦ
455 1570 661 1620 βασιλέως
690 1574 807 1620 παῖς,
845 1566 896 1609 τὰ
927 1571 969 1617 ἐς
1004 1570 1154 1622 γνιὸσιν
1182 1572 1252 1612 καί
1279 1570 1482 1626 φρόνησιν
1508 1573 1626 1614 ου’δε-

288 1705 318 1736 1.
346 1696 389 1750 ᾗ]
414 1706 475 1738 καὶ
500 1705 523 1737 Ρ
639 1705 672 1737 5.
698 1702 830 1750 θ-αμὰὲ)
950 1705 1003 1738 17.
1030 1706 1077 1740 ἔτ’
1102 1701 1172 1748 ἦν’.ρ
1199 1706 1260 1739 sed
1286 1707 1330 1740 cf.
1354 1718 1386 1752 p.
1398 1707 1467 1742 260
1489 1709 1516 1742 A
1535 1713 1622 1742 extr.

191 1811 311 1844 (licens
335 1822 394 1844 eos
422 1811 530 1855 impia
559 1812 786 1847 commisisse.
840 1812 967 1845 merito
993 1812 1120 1855 igitur,
1157 1825 1234 1846 cum
1263 1814 1331 1857 regi
1358 1825 1421 1846 sno
1449 1815 1622 1848 violentas

191 1858 378 1890 intulerint
403 1869 538 1897 manus,
565 1858 626 1890 has
655 1870 786 1902 poenas
811 1859 952 1891 sceleris
978 1859 1086 1892 luisse
1122 1860 1309 1892 commissi.
1358 1861 1432 1905 ipse
1457 1872 1539 1905 ergo
1566 1872 1622 1894 re-

189 1905 286 1948 cepit
314 1915 478 1946 regnum,
505 1909 540 1936 et
564 1905 600 1936 in
625 1905 740 1936 Asiam
769 1905 942 1937 transiens
981 1916 1056 1937 eam
1084 1905 1231 1938 formam
1260 1907 1358 1939 Asiae
1386 1907 1487 1939 rebus
1514 1907 1622 1940 indu·

188 1950 251 1988 xit,
278 1961 368 1994 quae
393 1950 582 1984 videbatur
602 1951 703 1982 Asiae
730 1961 871 1993 regnum
895 1951 1128 1983 firmissimum
1149 1957 1184 1984 et
1209 1953 1420 1985 tutissimum
1444 1955 1622 1990 effectura.

188 1995 318 2028 deinde
345 1996 445 2053 abiit,
461 1997 538 2028 Asia
559 1997 693 2036 relicta,
720 2003 877 2029 statuens
900 1996 1089 2030 obsidione
1115 1999 1254 2041 cingere
1270 2000 1498 2040 Byzantium.
1509 1999 1623 2033 Ther·

190 2054 267 2074 mae
293 2034 440 2075 hostiles
466 2043 639 2075 exercitus
665 2042 830 2075 admovit.
879 2043 1116 2076 Triballorum
1142 2044 1222 2076 duci
1253 2045 1386 2076 bellum
1412 2045 1546 2086 intulit,
1577 2058 1622 2080 ex

188 2090 328 2132 regione
374 2089 450 2121 eius
482 2089 687 2133 frequenter
711 2089 856 2133 praedas
880 2100 1016 2132 agens,
1043 2095 1077 2123 et
1103 2089 1367 2134 Spenderobem
1394 2092 1618 2136 metropolim

188 2134 377 2167 obsidione
403 2146 576 2179 premens.
626 2136 654 2167 is
680 2142 755 2168 erat
778 2136 964 2179 Stepanus,
995 2137 1148 2168 Eleazar-i
1178 2136 1322 2169 Pladicis
1354 2138 1470 2170 uxoris
1498 2138 1617 2178 frater,

187 2182 242 2213 cui
278 2181 385 2213 Bulco
420 2192 549 2214 nomen
583 2187 669 2213 erat.
732 2187 770 2213 ut
795 2182 980 2214 Eleazarus
1006 2184 1112 2214 vitam
1139 2182 1252 2223 finiit,
1276 2183 1512 2227 principatum
1540 2185 1619 2228 ipse

187 2228 338 2272 arripuit
375 2233 411 2260 et
446 2239 509 2272 pro
548 2228 707 2271 principe
741 2239 776 2259 se
807 2229 938 2270 gessit,
973 2229 1113 2261 Paiaziti
1139 2234 1279 2261 strenue
1304 2239 1445 2273 operam
1473 2241 1619 2271 navans,

187 2274 472 2318 quandocunque
497 2273 572 2306 eius
597 2274 766 2305 auxilinm
806 2275 1037 2318 implorasset.
1096 2275 1267 2318 Stepanus
1293 2286 1371 2307 cum
1398 2276 1489 2308 foret
1511 2276 1548 2308 in
1574 2287 1616 2310 eo

187 2320 323 2364 praelio
350 2319 446 2364 quod
482 2325 626 2364 propter
658 2319 863 2361 Byzantium
903 2320 1206 2360 committebatur,
1241 2321 1371 2354 defecit
1406 2333 1425 2354 a
1457 2322 1556 2355 Mose
1582 2328 1619 2356 et

187 2366 234 2398 ad
260 2366 402 2398 fratrem
439 2366 514 2398 eius
556 2366 756 2409 transfugit.
819 2366 884 2398 hac
920 2368 968 2399 rei
1003 2366 1214 2410 indignitate
1238 2367 1394 2400 irritatus
1419 2368 1537 2401 Moses
1559 2379 1619 2401 ur-

187 2412 266 2444 bem
294 2413 438 2457 Stepani
467 2413 622 2445 exercitu
652 2412 899 2453 circumsedet3
919 2414 1168 2457 regionemque
1197 2414 1346 2456 graviter
1373 2415 1618 2458 populationi-

186 2459 252 2490 bus
277 2459 434 2491 vastavit‚
463 2464 502 2491 ut
526 2464 643 2491 autem
666 2465 906 2502 oppugnatum
936 2460 1000 2492 ivit
1017 2460 1230 2503 Byzantium,
1254 2460 1406 2492 multum
1429 2460 1618 2494 iuvabatur

186 2515 290 2548 agens
319 2505 505 2548 ferensque
531 2515 763 2550 quaecunque
805 2515 846 2536 ex
885 2506 1028 2548 regione
1066 2506 1250 2549 potuisset.
1311 2505 1486 2539 fabricans
1510 2518 1616 2540 naves

185 2556 222 2583 et
249 2551 408 2583 triremes
434 2556 525 2583 terra
550 2551 708 2595 marique
743 2551 811 2583 iter
839 2551 1000 2583 faciebat.
1065 2552 1208 2584 Graecis
1234 2552 1422 2595 implentes
1445 2563 1551 2586 naves
1580 2558 1617 2586 et

183 2597 367 2634 triremes,
395 2609 483 2642 quae
527 2598 562 2630 in
596 2602 759 2641 promptu
785 2602 908 2635 erant,
931 2597 1116 2630 navalibus
1153 2599 1264 2642 copiis
1294 2599 1466 2642 praelium
1490 2599 1614 2632 navale

183 2644 444 2683 commiserunt,
473 2643 559 2676 duce
586 2644 788 2683 Emanuele,
816 2643 927 2676 notho
958 2644 1045 2686 regis
1071 2644 1211 2677 loannis
1228 2644 1316 2684 filio,
1339 2656 1416 2677 cum
1441 2643 1619 2685 hostibus3

183 2694 220 2721 et
249 2699 292 2721 ex
317 2701 358 2722 eo
386 2690 522 2734 praelio
550 2689 675 2722 Graeci
701 2700 880 2722 excessere
908 2690 1066 2723 victores.
1124 2690 1182 2723 hic
1210 2691 1380 2724 Emauuel
1406 2691 1495 2735 regis
1520 2691 1614 2724 filius
