1748 3210
173 176 193 216 1
204 174 263 218 72
498 180 716 225 LAONiCl
759 182 1264 226 CHALCOCONDYLAE

58 279 95 312 P.
111 279 156 313 92
169 274 328 326 φθῆιαι
355 274 552 328 πρότερος
580 277 622 325 ἐς
650 275 724 331 τήν
746 278 893 321 Ἀσίαν
912 279 1082 333 διαβάς·
1141 283 1285 334 διέγνω
1305 284 1384 360 γὰρ
1414 285 1488 326 καί
1515 288 1596 339 α’μ-

170 341 265 388 φοῖν
292 353 460 388 αμεινον
489 341 560 382 καί
577 341 680 395 πρὸς
708 345 784 384 τοῦ
806 341 950 398 ἐτέρου
979 341 1097 397 εἶναι,
1126 345 1318 400 ὁπότερος
1351 345 1403 390 ἀν
1430 351 1500 391 ἐπι
1524 350 1597 405 τὴν

167 401 241 441 τοῦ
267 398 410 456 ἐτέρου
449 403 584 457 α’ρχὴν
630 405 780 458 διαβας
819 406 893 461 τήν
932 409 1072 462 μα’χην
1117 408 1334 463 ποιήσαιτο
1367 415 1502 454 αὐτοῦ
1528 417 1598 455 καὶ

166 462 224 518 μὴ
253 467 446 523 ἑπιμείνιη
467 467 537 510 τὸν
565 465 792 525 ἅδελφόν’
776 472 955 513 επιόντα.
1028 473 1172 526 διαβάς
1197 489 1239 515 τε
1266 477 1336 516 ἐπι
1363 476 1405 518 τό
1434 476 1595 528 Βυζάν-

166 544 276 583 τιον,
311 527 415 572 ὥστε
459 533 575 589 αὐτῷ
602 536 723 589 φίλια
763 532 871 577 εἶναι
901 537 1003 591 πρὸς
1030 538 1103 579 τὸν
1132 541 1366 590 Βυζαντίου
1392 545 1594 596 βασιλέα,
1606 557 1627 590 5

165 589 306 646 α’γεται
333 595 407 649 τὴν
436 598 658 652 [βασιλέως
685 599 864 657 υἱιδοῦν]
902 602 1084 644 Ἰαννυου
1124 607 1200 643 τοῦ
1227 603 1387 659 Ντόρια
1413 609 1596 660 θυγατέ-

167 674 234 711 ρα,
261 657 422 701 υἱιδοῦν
459 663 504 703 δὲ
533 666 605 703 τοῦ
642 667 847 715 βασιλεως
870 666 1083 721 Ἑλλήνων.
1141 669 1338 722 ἀγόμενος
1367 673 1596 713 Μουσουλ-

163 721 296 778 μάνης
333 740 354 764 ο
385 726 644 780 Παιαζὴτεω
675 745 795 782 παις,
839 735 910 772 καί
938 733 980 781 ἐς
1010 732 1240 783 Βυζάντιον
1269 735 1419 787 διαβάς
1445 737 1596 789 ἐστρα·

165 803 304 830 τευετο
343 791 414 831 ε’πι
456 791 526 832 τὸν
569 793 761 848 α’ὸελφόν.
833 798 997 850 ,Μωσῆς
1037 799 1082 839 δὲ
1126 814 1181 846 ως
1217 801 1392 851 τάχιστα
1420 801 1594 841 ἐπύθετο

163 852 277 906 παρὰ
309 857 513 906 βασιλέως
533 856 734 911 Ἑλλήνων
757 860 1015 902 καταλύειν’
997 879 1041 904 εν
1060 863 1291 920 Βυζαντιῳ,
1321 866 1470 906 αὐτίκα
1495 866 1594 919 ἐπὴ-
1608 877 1649 910 10

163 922 302 970 λαυνε,
330 935 398 960 και
430 921 653 974 ἀπολαβών
689 925 734 964 ἐν
762 927 981 982 Βυζαντίῳ
1022 929 1097 967 οὐκ
1126 927 1192 970 εἰα
1220 931 1262 976 ἐς
1287 928 1370 1008 τὴνῖ
1390 929 1594 984 Ev'pmmyv

126 984 384 1034 Βὲξελθόντα
415 981 769 1041 ἀναστρέφεσθαι.
835 992 1178 1046 Μουσουλμάνης
1209 994 1286 1044 μὲν
1319 988 1394 1034 ουν
1420 993 1594 1047 στρατὸν

161 1064 218 1096 ως
247 1047 427 1102 ἠδύνατο
452 1053 646 1104 μέγιστον
673 1053 751 1093 α’πὸ
782 1055 853 1108 τῆς
881 1056 1023 1103 Ἀσίας
1054 1058 1394 1111 διαπορθμεύσας
1423 1061 1492 1099 ἐπὶ
1520 1058 1596 1112 τήν

159 1115 394 1164 Βυζαντίου
419 1114 566 1170 χώραν
592 1118 725 1159 αὐτοῦ
742 1120 1137 1176 ἐστρατοπεδεύετο,
1157 1124 1228 1163 καί
1253 1123 1324 1164 τόν
1343 1139 1387 1176 γε
1409 1122 1595 1178 ἀδελφόν

158 1179 325 1220 ἐπιόντα
354 1182 577 1232 ἐπέμεινεν.
606 1185 790 1225 ἐνταῦθα
818 1182 874 1232 ὥς
903 1181 1034 1240 ἄμφω
1063 1187 1104 1234 ἐς
1133 1187 1271 1242 μάχην
1298 1186 1592 1242 παρετάξαντο,
1609 1202 1649 1234 15

158 1247 386 1296 συνέβαλον
425 1245 497 1286 καί
538 1248 758 1300 ἐμάχοντο.
825 1251 989 1303 Μωσῆς
1031 1253 1110 1301 μὲν
1148 1250 1246 1300 τούς
1273 1267 1318 1293 τε
1358 1255 1502 1301 Δάκας
1523 1251 1596 1293 καί

163 1309 422 1361 Τριβαλλοὺς
463 1309 572 1364 ἔχων
595 1315 695 1364 μεθ’
723 1309 878 1354 ἑαυτοῦ
917 1313 990 1355 καί
1015 1317 1225 1357 Στέπανον
1250 1314 1316 1357 τὸν
1345 1316 1592 1371 Ἐλεαζάρου

157 1378 289 1416 παῖδα
318 1377 389 1416 καί
425 1374 471 1416 τὸ
513 1373 594 1417 οἷπὸ
623 1379 696 1431 τῆς
727 1377 931 1433 Εὔρώπης
966 1378 1208 1433 στράτευμα
1238 1379 1434 1434 Τούρκων
1462 1395 1592 1435 παρε-

155 1437 343 1485 τάσσετο.
399 1440 598 1492 βασιλεὺς
624 1444 699 1493 μὲν
729 1442 779 1497 δὴ
808 1444 912 1497 πρὸς
931 1446 1078 1486 τοῦτον
1105 1446 1246 1498 λόγους
1273 1448 1444 1498 πέμψας
1472 1459 1591 1486 συνε-

155 1504 380 1557 βουλευετο
415 1507 530 1563 αυτῷ
565 1509 608 1547 ἐν
654 1509 706 1563 τῆ
735 1507 966 1561 παρατάξει
1005 1511 1248 1563 θαρρουντα
1286 1511 1393 1551 ιε’ναι
1441 1511 1512 1551 ἐπὶ
1545 1506 1648 1556 τὸ20

161 1571 396 1620 Βυζαντιον
437 1570 548 1624 παρὰ
579 1574 754 1623 βασιλέα
790 1575 983 1620 ῘἈωσέως
1010 1573 1111 1614 πολὺ
1138 1570 1306 1626 ἅιιεινόν
1337 1590 1381 1615 τε
1408 1590 1476 1615 και
1502 1575 1592 1615 ἔπι-

163 1639 418 1688 εικέστερον·
476 1638 522 1690 ἢν
549 1635 625 1690 γὰρ
653 1636 705 1690 δὴ
726 1639 889 1692 ΙΙίΙωσῆς
918 1636 969 1679 τά
995 1653 1038 1679 τε
1067 1634 1172 1680 α’λλα
1204 1638 1395 1692 ἐπαχθής
1422 1640 1464 1686 ἐς
1493 1653 1592 1686 τους

252 1750 284 1784 6.
316 1751 520 1797 Τουνιόρια
549 1753 572 1785 Ρ
716 1752 748 1786 7.
773 1753 906 1795 ταύτην
935 1751 1146 1799 αγόμενοςῗ
1295 1753 1352 1788 21.
1378 1753 1520 1787 Μωσέα
1546 1753 1590 1785 P:

251 1808 329 1830 corr
354 1798 384 1830 H
504 1796 712 1844 αμείνονάἓ

159 1904 296 1943 simum,
321 1904 418 1948 quasi
445 1903 588 1936 alterius
618 1908 712 1936 esset
737 1904 858 1944 victor,
884 1903 945 1948 qui
971 1905 1068 1948 prior
1093 1905 1129 1936 in
1153 1905 1297 1938 alterius
1326 1905 1502 1948 regionem
1527 1915 1588 1937 ve-

160 1951 271 1983 nisset
294 1955 330 1982 et
371 1951 542 1994 praelium
568 1951 821 1990 commisisset,
849 1961 915 1982 nee
942 1956 1144 1994 expectaret
1176 1950 1290 1983 donec
1313 1951 1421 1983 frater
1443 1950 1590 1990 accede-

160 2002 224 2029 ret.
273 1996 450 2029 traiiciens
487 1996 607 2040 itaque
643 1975 845 2038 Byzantium
882 1997 991 2029 venit.
1055 2008 1132 2029 cum
1159 2002 1276 2029 autem
1313 1998 1345 2029 ei
1371 1997 1590 2029 familiaritas

161 2043 416 2076 intercessisset
440 2053 517 2074 cum
549 2053 627 2086 rege
656 2043 716 2086 qui
744 2054 784 2075 ea
810 2047 1019 2086 tempestate
1039 2044 1239 2086 Byzantium
1264 2042 1420 2083 tenebat,
1447 2053 1588 2075 uxorem

160 2089 259 2123 ducit
283 2089 372 2132 regis
397 2095 540 2133 neptem
566 2090 680 2121 lannii
705 2090 900 2122 Tuntoriae
936 2089 1067 2128 filiam,
1096 2101 1175 2122 cum
1198 2094 1301 2122 antea
1328 2089 1588 2122 matrimonium

160 2136 392 2168 contraxisset
418 2147 496 2168 cum
520 2141 628 2180 nepte
666 2135 754 2178 regis
788 2135 1002 2167 Graecorum
1028 2114 1268 2168 M⁷ulsumanes
1295 2135 1457 2168 Paiazitis
1481 2135 1587 2167 filius.

160 2187 396 2225 transgressus
425 2188 542 2215 nutem
569 2182 775 2225 Byzantium
803 2181 939 2213 bellum
964 2182 1062 2214 fratri
1088 2182 1275 2214 inferebat.
1323 2187 1359 2213 at
1385 2181 1499 2213 Moses
1525 2179 1587 2213 ubi

161 2229 298 2272 accepit
326 2240 344 2260 a
376 2239 456 2272 rege
483 2228 694 2261 Graecorum
720 2227 978 2260 Mulsumanem
1002 2227 1207 2270 Byzantium
1233 2226 1442 2267 advenisse,
1470 2227 1586 2259 conti-

161 2286 232 2308 nuo
258 2276 425 2316 accessit3
451 2285 554 2318 quem
580 2280 620 2307 ut
646 2273 697 2305 ibi
723 2273 958 2318 deprehendit
975 2297 984 2314 ,
1010 2275 1104 2306 exire
1134 2274 1299 2316 Byzantio
1324 2278 1359 2306 et
1382 2274 1420 2305 in
1447 2273 1586 2317 Europa

160 2322 288 2354 versari
311 2333 383 2353 non
408 2322 577 2365 permisit.
626 2320 867 2352 Mulsumanes
893 2321 1015 2364 itaque
1045 2321 1163 2365 copias
1197 2331 1302 2365 quam
1328 2320 1447 2363 potuit
1471 2319 1586 2351 maxi-

161 2378 233 2400 mas
270 2367 427 2400 traduxit
467 2378 507 2399 ex
534 2367 614 2400 Asia
654 2367 690 2398 in
713 2366 958 2409 Byzantiorum
992 2367 1194 2409 regionem3
1233 2366 1426 2410 castrisque
1459 2365 1586 2409 positis

161 2414 302 2447 fratrem
328 2413 551 2446 accedentem
576 2414 786 2457 expectavit.
834 2412 963 2445 deinde
987 2423 1065 2444 cum
1090 2413 1182 2444 acies
1206 2413 1372 2456 utrinque
1394 2412 1586 2443 instructae

161 2462 365 2499 stetissent,
399 2460 571 2504 praelium
604 2465 704 2492 atrox
728 2459 895 2491 exoritur.
951 2459 1066 2492 Moses
1090 2457 1246 2491 habebat
1269 2459 1380 2490 Dacos
1407 2455 1585 2491 Triballos

163 2513 198 2539 et
225 2508 417 2550 Stepanum
444 2506 598 2539 Eleazari
622 2505 743 2537 filium.
794 2504 848 2537 his
874 2506 912 2537 in
937 2506 1012 2537 acie
1037 2504 1275 2547 iungebantur
1301 2504 1429 2543 Turci,
1453 2503 1515 2547 qui
1542 2513 1586 2535 ex.

162 2553 300 2596 Europa
325 2558 505 2586 venerant.
564 2553 774 2605 legationem
810 2556 928 2584 autem
970 2551 1067 2584 misit
1103 2551 1149 2583 ad
1179 2551 1373 2594 Stepanum
1398 2528 1585 2592 Byzantius

163 2610 234 2638 rex,
260 2598 411 2631 suadens
445 2605 484 2632 ut
507 2600 677 2631 instructa
709 2598 783 2630 acie
809 2603 867 2630 eat
891 2597 935 2629 ad
972 2608 1088 2640 regem
1112 2597 1295 2629 meliorem
1321 2601 1357 2629 et
1383 2594 1584 2640 aequiorem

162 2646 272 2678 Mose
321 2646 437 2678 Moses
462 2646 555 2678 enim
572 2650 708 2677 caetera
730 2644 898 2676 molestus
923 2649 959 2676 et
983 2642 1225 2676 intolerandus
1249 2643 1352 2675 sociis
1375 2646 1412 2674 et
1433 2641 1471 2673 in
1497 2641 1584 2672 iram

160 2702 327 2736 praeceps
356 2697 439 2724 erat.
488 2692 663 2737 Stepauus
689 2690 842 2724 exercitu
869 2690 904 2722 in
930 2689 1072 2723 ordines
1097 2689 1285 2734 explicato,
1311 2693 1350 2722 ut
1372 2692 1494 2733 pactus
1510 2691 1584 2719 erat
