1800 3172
201 188 263 236 84
559 195 776 236 LAONICl
819 194 1325 237 CHALCOCONDYLAE

199 301 397 356 ἄρχοντα.
459 302 563 355 μετὰ
600 305 645 343 δὲ
687 305 817 344 ταῦτα
861 305 1046 344 ἐλαύνων
1086 304 1156 346 ἐπὶ
1195 303 1449 357 Βυζάντιον,
1487 302 1543 354 ὧς
1583 303 1634 345 οὔ

198 370 427 422 προεχώρει
452 367 567 423 αὐτῷ
597 368 875 420 ἦΒυζαντιόυ
904 369 1064 421 αἵρεσις
1094 367 1378 422 προσβαλόντι,
1407 371 1513 426 λιμῷ
1545 367 1634 419 ἐξε-

199 431 419 485 πολιόρκει.
487 432 558 472 καί
584 429 692 474 εἷλεν
723 429 774 473 ἄν
811 432 886 485 τὴν
917 431 1052 486 πόλιν,
1081 435 1122 475 εἰ
1146 433 1202 485 μὴ
1235 431 1256 473 ὅ
1292 432 1480 488 Τεμήρης
1506 433 1635 475 ἐλαύ-

200 514 281 538 νων
319 495 485 552 μεγάλῃΙ
519 499 635 550 χειρί
673 497 886 550 ἠγγέλλετο
923 499 987 538 ἐπ’
1030 500 1185 550 αὐτόν,
1222 495 1284 538 ὅτε
1327 497 1376 552 δὴ
1410 501 1481 539 καί
1506 497 1634 546 αὐτὸς

199 560 308 603 ἑάλω
339 559 419 601 ὑπὸ
455 561 649 615 Τεμὴρεω
678 564 749 603 καί
776 561 826 603 τοὶ
869 561 999 603 πολλοὶ
1029 566 1100 617 τῆς
1128 560 1260 617 ἀρχῆς
1287 563 1419 604 αὐτοῦ
1447 562 1671 604 ἅπαίλετοὸ

199 628 272 680 τῆς
297 628 340 667 ἑν
367 627 414 681 τῇ
444 627 585 682 ’.Ασιζμ

333 689 404 739 ςΩς
444 693 520 743 μὲν
560 686 634 732 οὖν
661 692 704 733 τὸ
738 689 970 741 Βυζάντιον
1010 690 1253 746 Παιαζήτης
1290 694 1521 746 πολιορκῶν
1563 694 1639 733 ov'n

205 758 322 808 α’νίει,
353 759 426 797 καί
450 755 553 810 ἔγνω
579 755 778 809 βασιλεὺς
798 755 1008 810 εΕλλήνων
1036 755 1106 797 τόν
1133 772 1176 797 τε
1205 756 1309 798 λεών
1338 758 1562 811 τετρῦσθαι
1596 760 1638 806 ἐς

91 831 134 864 V.
149 829 193 863 35
207 822 252 862 τὸ
281 821 590 874 χαλεπώτατον,
627 823 698 862 καί
724 822 799 861 οὐκ
827 817 938 873 εἶχεν
968 816 1078 869 ὅπως
1106 825 1178 861 τοῦ
1206 824 1336 862 κακοῦ
1363 823 1639 878 ἑξαπαλλαγῇ,

169 887 407 940 Βὲπέτρεψέ
437 901 481 926 τε
511 885 554 926 τὸ
582 885 812 932 Βυζάντιον
841 887 899 940 τῷ
932 886 1143 941 ἀδελφιδῷ
1165 885 1435 943 Ἰωοίννῃ,’τῷ
1458 886 1640 941 Ἀνδρο-
1655 892 1697 926 10

207 953 321 992 νίκου
352 952 482 992 παιδί.
539 950 594 999 ὥς
622 948 701 1003 γάρ
734 949 771 990 οἱ
797 945 951 1003 ἤχθετο
981 948 1230 1004 Παιαζήτης
1259 947 1323 991 ὅτι
1350 952 1405 991 δι’
1433 949 1562 992 αὕτὸν
1590 950 1662 992 ου”

208 1016 443 1068 προεχώρει
471 1015 496 1068 ἦ
527 1017 757 1064 Βυζαντίου
787 1017 973 1067 αἵρεσις,
1000 1014 1071 1055 καί
1094 1017 1138 1056 ἐν
1168 1013 1336 1072 ὖπόπτῳ
1361 1013 1641 1069 καθειστήκει,

211 1079 438 1135 α’ποφυγών
480 1081 656 1131 βασιλέα
697 1078 807 1134 ἐσῄει
845 1081 887 1126 ές
918 1081 1160 1128 Βυζάντιον.
1218 1082 1290 1120 καί
1315 1079 1440 1122 αὐτὸν
1467 1077 1646 1131 ἄσμενός

210 1159 254 1184 τε
281 1146 448 1194 ἐδέξατο
493 1143 515 1184 ὃ
557 1143 747 1197 πατρωὸς
791 1141 988 1195 βασιλευς
1028 1145 1288 1196 Βυζαντίου,
1316 1144 1388 1185 καί
1425 1143 1499 1198 τήν
1527 1145 1647 1185 πόλιν

211 1209 443 1263 ἐπιτρέψας
473 1203 600 1264 ᾤχετο
629 1209 847 1249 ἀποπλέων
877 1210 946 1249 ἑπί
970 1208 1160 1261 Ἰταλίαν,
1190 1211 1428 1262 ἐπικουρίας
1447 1210 1644 1263 δεησόμε-
1662 1220 1704 1254 15

211 1290 280 1324 νος
315 1276 356 1322 ἐς
393 1274 468 1327 τὴν
502 1273 583 1314 ὑπὸ
614 1274 697 1313 τῶν
735 1274 943 1324 πολεμίων
983 1277 1223 1327 πολιορκίαν
1249 1274 1416 1328 μακράν
1443 1278 1651 1329 καθεστη-

213 1346 348 1391 κυῖαν,
374 1339 432 1393 μὴ
462 1340 660 1393 περιιδεῖν
688 1336 763 1392 τήν
790 1338 908 1378 πόλιν
935 1338 1232 1392 α’πολλυμένην.
1290 1339 1345 1387 ὥς
1373 1341 1419 1381 δὲ
1447 1338 1549 1381 κατὰ
1578 1340 1652 1394 τὴν

215 1405 534 1458 Πελοπόννησον
569 1405 747 1456 ἐγένετο,
774 1405 968 1444 κατέθετο
1008 1406 1085 1455 μὲν
1119 1405 1247 1445 αὕτοῦ
1278 1407 1321 1445 ἐν
1350 1405 1652 1462 Πελοποννήσῳ

216 1469 292 1523 τήν
330 1475 505 1522 γυναῖκα
544 1469 676 1509 αὐτοῦ
704 1467 818 1520 παρὰ
848 1469 906 1509 τῶ
935 1468 1126 1525 ἀδελφῷ,
1167 1467 1293 1517 αὐτὸς
1333 1471 1380 1511 δὲ
1410 1465 1579 1511 ἆπὲπλει
1611 1473 1654 1517 ἐς

181 1536 402 1579 οἸταλιάν.
473 1533 732 1586 τραπόμενος
773 1534 818 1574 δὲ
846 1533 915 1574 ἐπὶ
946 1533 1159 1575 Ουένεταῖν
1194 1533 1266 1574 καί
1282 1538 1544 1587 χρηματίσας
1572 1531 1710 1579 ani-20

221 1604 308 1646 τοῖς
337 1596 416 1639 ὅσα
445 1595 664 1650 ἠβούλετο,
705 1593 830 1653 ᾤχετο
874 1597 944 1638 ἐπὶ
974 1597 1044 1638 τὸν
1067 1601 1276 1651 Λιγυριάς
1305 1597 1530 1652 τύραννον,
1560 1601 1655 1640 Με-

227 1664 418 1704 διολάνου
449 1665 494 1704 δὲ
522 1662 702 1717 ἡγεμόνα
727 1678 737 1688 ·
806 1661 827 1702 ὁ
858 1664 903 1703 δὲ
941 1661 1354 1717 φιλοφρονησάμενός
1380 1679 1425 1705 τε
1454 1662 1580 1706 αὐτὸν
1606 1662 1658 1706 τὰ

229 1821 386 1854 exercitu
425 1826 557 1852 armato
585 1819 793 1862 Syllebriam
831 1819 1056 1864 pactionibus
1093 1820 1128 1852 in
1162 1819 1339 1852 dicionem
1367 1821 1524 1865 accepit,
1551 1822 1660 1854 Ioan-

227 1879 381 1913 nemque
406 1866 521 1899 eidem
548 1872 718 1899 rectorem
744 1865 852 1898 dedit.
903 1877 1060 1898 reversus
1090 1867 1304 1908 Byzantium,
1331 1878 1408 1899 cum
1435 1878 1511 1899 eam
1537 1867 1658 1900 urbem

228 1915 262 1946 vi
290 1924 488 1958 expugnare
513 1923 584 1944 non
609 1917 751 1956 posset,
778 1913 868 1944 fame
898 1923 955 1944 eos
993 1911 1225 1944 debellandos
1251 1923 1325 1945 esse
1352 1913 1487 1946 statuit.
1537 1913 1659 1946 urbem

231 1971 307 1992 eam
337 1965 429 1992 certe
456 1960 618 2002 cepisset,
642 1959 709 1990 nisi
734 1959 890 1990 'semires
918 1959 1100 1990 nuntiatus
1140 1964 1232 1990 esset
1255 1970 1379 2001 magna
1407 1961 1516 1991 manu‘
1536 1958 1661 1992 adver-

231 2018 288 2038 sus
315 2007 426 2052 ipsum
459 2006 660 2037 adventare.
720 2003 816 2049 quod
861 2004 1003 2048 quidem
1038 2014 1080 2036 eo
1106 2009 1264 2049 ternpore
1298 2005 1448 2046 accidit,
1474 2005 1616 2050 quando
1642 2015 1662 2038 a

231 2053 372 2086 Teinire
398 2052 565 2085 Paiazites
587 2056 708 2094 captus
731 2051 901 2095 pleraque
927 2051 1047 2082 Asiani
1073 2051 1210 2094 imperii
1237 2052 1362 2083 amisit.

328 2109 493 2142 Paiazites
521 2118 599 2140 cum
622 2107 854 2139 nihilominus
891 2119 909 2138 a
935 2107 1091 2148 Byzantii
1117 2108 1381 2151 oppugnatione
1406 2113 1569 2148 cessaret,
1595 2108 1664 2140 sci-

237 2161 361 2200 retque
390 2156 604 2188 Graecorum
631 2164 691 2186 rex
718 2165 795 2185 suas
824 2154 942 2196 copias
966 2154 1002 2184 iu
1021 2158 1134 2185 artum
1159 2159 1304 2192 coactas,
1330 2164 1395 2185 nec
1418 2159 1539 2197 posset
1563 2154 1665 2186 inve-

236 2203 313 2234 nire
343 2202 424 2234 huic
450 2201 587 2244 urgenti
612 2200 705 2231 malo
734 2199 946 2238 remedium,
972 2200 1174 2241 Byzantium
1210 2200 1360 2243 patrueli
1387 2210 1450 2232 suo
1474 2199 1666 2233 Andronici

239 2249 312 2280 silio
338 2248 462 2280 Ioanni
488 2246 674 2279 commisit.
722 2256 804 2277 nam
826 2246 951 2277 loanni
978 2244 1060 2277 huic
1084 2245 1236 2288 graviter
1259 2246 1366 2277 iratus
1390 2250 1464 2278 erat
1488 2244 1667 2284 Pniazites,

241 2295 344 2338 quasi.
377 2295 452 2337 ipse
490 2294 526 2325 in
552 2303 652 2325 causa
681 2297 771 2324 esset
809 2292 997 2335 quominus
1024 2291 1226 2333 Byzantium
1257 2292 1295 2323 in
1319 2291 1492 2324 dicionem
1519 2293 1667 2324 veniret.

240 2341 404 2372 laborans
441 2339 548 2381 igitur
584 2338 723 2371 sinistra
757 2337 852 2381 apud
890 2348 1003 2380 regen]
1042 2338 1228 2370 Paiazitem
1267 2338 1493 2381 suspicione,
1520 2348 1565 2370 ne
1591 2338 1669 2370 eius

243 2388 329 2419 iram
354 2387 583 2430 experiretur,
612 2385 691 2426 fuga
724 2394 760 2415 se
785 2384 986 2425 Byzantium
1028 2384 1169 2428 recepit.
1219 2383 1320 2415 huius
1349 2383 1518 2415 adventus
1542 2389 1669 2427 patruo

244 2433 401 2474 Byzantii
427 2432 498 2474 regi
525 2441 693 2476 perquam
727 2435 844 2473 gratus
870 2430 1005 2466 extitit,
1032 2430 1090 2473 qui
1128 2429 1247 2462 urbem
1273 2429 1442 2473 patruelis
1469 2428 1550 2461 fidei
1577 2440 1672 2462 com-

244 2478 412 2510 mendans
441 2477 617 2520 navigavit
641 2477 677 2508 in
697 2477 845 2515 ltaliam,
870 2476 1045 2518 petiturus
1072 2476 1241 2507 auxilium
1265 2481 1384 2508 contra
1411 2476 1552 2518 longam
1575 2475 1672 2507 illam

247 2524 482 2563 obsidionem,
509 2535 553 2555 ne
581 2521 750 2555 videlicet
778 2522 900 2553 urbem
919 2522 1018 2553 istam
1043 2522 1215 2564 insignem
1241 2526 1447 2566 pereuntem
1465 2521 1669 2564 negligeret.

247 2582 323 2603 cum
347 2571 503 2602 venisset
528 2570 565 2601 in
589 2569 883 2612 Peloponnesum,
911 2578 1054 2598 uxorem
1091 2577 1188 2600 suam
1213 2567 1378 2611 deposuit
1401 2566 1495 2612 apud
1519 2567 1673 2605 fratrem,

246 2618 396 2661 ipseque
421 2626 610 2648 conscensa
638 2615 718 2647 navi
751 2614 819 2646 iter
842 2615 879 2645 in
907 2613 1045 2645 ltaliam
1086 2614 1283 2645 maturavit.
1332 2624 1410 2645 cum
1433 2613 1580 2645 adiisset
1602 2612 1674 2644 Ve-

253 2669 368 2700 netos,
395 2662 510 2706 ilsque
534 2672 624 2706 quae
654 2660 764 2692 vellet
787 2659 1022 2704 explanasset,
1047 2659 1115 2691 iter
1142 2659 1186 2691 ad
1200 2659 1361 2701 Liguriae
1382 2656 1576 2704 principem
1599 2658 1677 2690 Me-

251 2708 457 2752 diolanique
495 2707 619 2740 ducem
659 2706 838 2749 instituit;
869 2717 888 2738 a
922 2715 993 2750 quo
1026 2706 1172 2738 comiter
1200 2711 1378 2750 exceptus,
1401 2705 1551 2750 pecunia
1577 2704 1678 2748 equis
