<?xml version="1.0" encoding="UTF-8"?>
<!DOCTYPE html PUBLIC "-//W3C//DTD XHTML 1.0 Transitional//EN"
    "http://www.w3.org/TR/xhtml1/DTD/xhtml1-transitional.dtd">
<html xmlns="http://www.w3.org/1999/xhtml" xml:lang="en" lang="en">
 <head>
  <title>
</title>
<meta http-equiv="Content-Type" content="text/html;charset=utf-8" />
  <meta name='ocr-system' content='tesseract 3.04.00' />
  <meta name='ocr-capabilities' content='ocr_page ocr_carea ocr_par ocr_line ocrx_word'/>
</head>
<body>
  <div class='ocr_page' id='page_1' title='image "./corpusscriptorum32niebuoft_0150.png"; bbox 0 0 1800 3172; ppageno 0'>
   <div class='ocr_carea' id='block_1_1' title="bbox 270 192 1357 237">
    <p class='ocr_par' dir='ltr' id='par_1_1' title="bbox 270 192 1357 237">
     <span class='ocr_line' id='line_1_1' title="bbox 270 192 1357 237; baseline 0 -2"><span class='ocrx_word' id='word_1_1' title='bbox 270 195 290 234; x_wconf 88' lang='lat'>1</span> <span class='ocrx_word' id='word_1_2' title='bbox 299 192 361 236; x_wconf 89' lang='grc'><strong>38</strong></span> <span class='ocrx_word' id='word_1_3' title='bbox 598 194 816 236; x_wconf 84' lang='lat' dir='ltr'><strong>LAONlCl</strong></span> <span class='ocrx_word' id='word_1_4' title='bbox 851 194 1357 237; x_wconf 81' lang='lat' dir='ltr'>CHALCOCONDYLAE</span> 
     </span>
    </p>
   </div>
   <div class='ocr_carea' id='block_1_2' title="bbox 158 291 1756 1570">
    <p class='ocr_par' dir='ltr' id='par_1_2' title="bbox 158 291 1756 1570">
     <span class='ocr_line' id='line_1_2' title="bbox 266 291 1690 346; baseline 0 -15"><span class='ocrx_word' id='word_1_5' title='bbox 266 294 415 346; x_wconf 79' lang='grc' dir='ltr'><strong><em>φθειρε</em></strong></span> <span class='ocrx_word' id='word_1_6' title='bbox 451 293 523 333; x_wconf 81' lang='grc' dir='ltr'><strong>τοῦ</strong></span> <span class='ocrx_word' id='word_1_7' title='bbox 547 292 849 346; x_wconf 77' lang='grc' dir='ltr'><em>στρατεύματος</em></span> <span class='ocrx_word' id='word_1_8' title='bbox 891 292 1021 334; x_wconf 77' lang='grc' dir='ltr'><strong><em>αύτοῦ</em></strong></span> <span class='ocrx_word' id='word_1_9' title='bbox 1056 293 1130 334; x_wconf 79' lang='grc' dir='ltr'><strong><em>οὕκ</em></strong></span> <span class='ocrx_word' id='word_1_10' title='bbox 1166 292 1323 345; x_wconf 75' lang='grc' dir='ltr'><strong><em>ὀλίγους</em></strong></span> <span class='ocrx_word' id='word_1_11' title='bbox 1360 291 1440 333; x_wconf 77' lang='grc' dir='ltr'><strong>ὑπὸ</strong></span> <span class='ocrx_word' id='word_1_12' title='bbox 1472 293 1554 334; x_wconf 72' lang='grc' dir='ltr'><strong>τῶν</strong></span> <span class='ocrx_word' id='word_1_13' title='bbox 1584 296 1690 335; x_wconf 77' lang='grc' dir='ltr'><strong><em>Σκυ-</em></strong></span> 
     </span>
     <span class='ocr_line' id='line_1_3' title="bbox 265 353 1692 411; baseline 0.001 -14"><span class='ocrx_word' id='word_1_14' title='bbox 265 357 364 397; x_wconf 82' lang='grc' dir='ltr'><strong><em>θῶν.</em></strong></span> <span class='ocrx_word' id='word_1_15' title='bbox 419 357 523 409; x_wconf 78' lang='grc' dir='ltr'><strong><em>μετὰ</em></strong></span> <span class='ocrx_word' id='word_1_16' title='bbox 555 358 624 411; x_wconf 82' lang='grc' dir='ltr'><strong>δέ,</strong></span> <span class='ocrx_word' id='word_1_17' title='bbox 658 356 714 405; x_wconf 79' lang='grc' dir='ltr'><strong>ὥς</strong></span> <span class='ocrx_word' id='word_1_18' title='bbox 740 357 818 410; x_wconf 75' lang='grc' dir='ltr'><strong><em>οὔχ</em></strong></span> <span class='ocrx_word' id='word_1_19' title='bbox 849 353 934 405; x_wconf 82' lang='grc' dir='ltr'><strong><em>οἷός</em></strong></span> <span class='ocrx_word' id='word_1_20' title='bbox 963 372 1005 398; x_wconf 91' lang='grc' dir='ltr'><strong>τε</strong></span> <span class='ocrx_word' id='word_1_21' title='bbox 1036 359 1194 410; x_wconf 80' lang='grc' dir='ltr'><strong><em>ἐγένετο</em></strong></span> <span class='ocrx_word' id='word_1_22' title='bbox 1222 355 1320 398; x_wconf 84' lang='grc' dir='ltr'><strong><em>εἴσω</em></strong></span> <span class='ocrx_word' id='word_1_23' title='bbox 1348 359 1570 411; x_wconf 78' lang='grc' dir='ltr'><strong><em>παρελθεῖν</em></strong></span> <span class='ocrx_word' id='word_1_24' title='bbox 1598 358 1692 398; x_wconf 85' lang='grc' dir='ltr'><strong><em>δια-</em></strong></span> 
     </span>
     <span class='ocr_line' id='line_1_4' title="bbox 266 417 1690 475; baseline 0.001 -16"><span class='ocrx_word' id='word_1_25' title='bbox 266 419 544 475; x_wconf 83' lang='grc' dir='ltr'><strong><em>κωλυόμενος,</em></strong></span> <span class='ocrx_word' id='word_1_26' title='bbox 582 417 767 473; x_wconf 78' lang='grc' dir='ltr'><strong><em>ἀπήγαγε</em></strong></span> <span class='ocrx_word' id='word_1_27' title='bbox 803 419 874 462; x_wconf 82' lang='grc' dir='ltr'><strong>τὸν</strong></span> <span class='ocrx_word' id='word_1_28' title='bbox 911 421 1088 474; x_wconf 83' lang='grc' dir='ltr'><strong><em>στρατὸν</em></strong></span> <span class='ocrx_word' id='word_1_29' title='bbox 1129 420 1198 462; x_wconf 86' lang='grc' dir='ltr'><strong><em>καὶ</em></strong></span> <span class='ocrx_word' id='word_1_30' title='bbox 1235 420 1437 473; x_wconf 77' lang='grc' dir='ltr'><em>ἀνεχώρει</em></span> <span class='ocrx_word' id='word_1_31' title='bbox 1465 423 1530 462; x_wconf 73' lang='grc' dir='ltr'><strong>ἐπ’</strong></span> <span class='ocrx_word' id='word_1_32' title='bbox 1562 419 1690 462; x_wconf 79' lang='grc' dir='ltr'><strong><em>οἴκου.</em></strong></span> 
     </span>
     <span class='ocr_line' id='line_1_5' title="bbox 227 484 1692 539; baseline -0.002 -11"><span class='ocrx_word' id='word_1_33' title='bbox 227 487 339 528; x_wconf 81' lang='grc' dir='ltr'><strong><em>Βτοῧ</em></strong></span> <span class='ocrx_word' id='word_1_34' title='bbox 366 487 411 525; x_wconf 80' lang='grc' dir='ltr'><strong>δὲ</strong></span> <span class='ocrx_word' id='word_1_35' title='bbox 450 486 731 538; x_wconf 81' lang='grc' dir='ltr'><strong><em>ἐπιγινομένου</em></strong></span> <span class='ocrx_word' id='word_1_36' title='bbox 770 488 922 538; x_wconf 78' lang='grc' dir='ltr'><strong><em>θέρους</em></strong></span> <span class='ocrx_word' id='word_1_37' title='bbox 948 484 1142 539; x_wconf 79' lang='grc' dir='ltr'><strong><em>στρατιὰν</em></strong></span> <span class='ocrx_word' id='word_1_38' title='bbox 1178 484 1234 533; x_wconf 76' lang='grc' dir='ltr'><strong>ὥς</strong></span> <span class='ocrx_word' id='word_1_39' title='bbox 1260 487 1455 539; x_wconf 73' lang='grc' dir='ltr'><strong>μεγίστην</strong></span> <span class='ocrx_word' id='word_1_40' title='bbox 1483 487 1692 536; x_wconf 83' lang='grc' dir='ltr'><strong><em>συλλέξας,</em></strong></span> 
     </span>
     <span class='ocr_line' id='line_1_6' title="bbox 265 547 1726 605; baseline 0.002 -16"><span class='ocrx_word' id='word_1_41' title='bbox 265 549 336 589; x_wconf 84' lang='grc' dir='ltr'><em>καί</em></span> <span class='ocrx_word' id='word_1_42' title='bbox 362 549 431 590; x_wconf 83' lang='grc' dir='ltr'><strong>ε’πί</strong></span> <span class='ocrx_word' id='word_1_43' title='bbox 447 549 660 602; x_wconf 81' lang='grc' dir='ltr'><strong><em>Αἴγυπτον</em></strong></span> <span class='ocrx_word' id='word_1_44' title='bbox 687 551 732 590; x_wconf 78' lang='grc' dir='ltr'><strong>ἐν</strong></span> <span class='ocrx_word' id='word_1_45' title='bbox 759 552 814 605; x_wconf 78' lang='grc' dir='ltr'><strong>νῷ</strong></span> <span class='ocrx_word' id='word_1_46' title='bbox 841 549 950 603; x_wconf 81' lang='grc' dir='ltr'><strong><em>ἔχων</em></strong></span> <span class='ocrx_word' id='word_1_47' title='bbox 968 550 1284 604; x_wconf 83' lang='grc' dir='ltr'><strong><em>στρατεύεσθαι,</em></strong></span> <span class='ocrx_word' id='word_1_48' title='bbox 1316 547 1418 601; x_wconf 79' lang='grc' dir='ltr'><strong><em>μετὰ</em></strong></span> <span class='ocrx_word' id='word_1_49' title='bbox 1449 550 1494 590; x_wconf 83' lang='grc' dir='ltr'><strong>δὲ</strong></span> <span class='ocrx_word' id='word_1_50' title='bbox 1521 550 1726 602; x_wconf 82' lang='grc' dir='ltr'><strong><em>συστρέ·5</em></strong></span> 
     </span>
     <span class='ocr_line' id='line_1_7' title="bbox 265 610 1694 668; baseline 0.001 -15"><span class='ocrx_word' id='word_1_51' title='bbox 265 623 363 666; x_wconf 83' lang='grc' dir='ltr'><strong><em>ψας,</em></strong></span> <span class='ocrx_word' id='word_1_52' title='bbox 394 610 568 668; x_wconf 74' lang='grc' dir='ltr'><strong><em>ἤλαυνεν</em></strong></span> <span class='ocrx_word' id='word_1_53' title='bbox 610 610 737 662; x_wconf 70' lang='grc' dir='ltr'><strong><em>αὖθις</em></strong></span> <span class='ocrx_word' id='word_1_54' title='bbox 764 614 833 655; x_wconf 76' lang='grc' dir='ltr'><strong>ἐπὶ</strong></span> <span class='ocrx_word' id='word_1_55' title='bbox 859 615 1049 666; x_wconf 74' lang='grc' dir='ltr'><strong><em>Σκύθας,</em></strong></span> <span class='ocrx_word' id='word_1_56' title='bbox 1081 612 1296 666; x_wconf 78' lang='grc' dir='ltr'><strong><em>σταθμούς</em></strong></span> <span class='ocrx_word' id='word_1_57' title='bbox 1323 611 1504 654; x_wconf 79' lang='grc' dir='ltr'><strong><em>ἐλαύνων</em></strong></span> <span class='ocrx_word' id='word_1_58' title='bbox 1531 612 1586 662; x_wconf 78' lang='grc' dir='ltr'><strong>ὥς</strong></span> <span class='ocrx_word' id='word_1_59' title='bbox 1615 628 1694 666; x_wconf 87' lang='grc' dir='ltr'><strong>με-</strong></span> 
     </span>
     <span class='ocr_line' id='line_1_8' title="bbox 264 674 1697 733; baseline 0.001 -15"><span class='ocrx_word' id='word_1_60' title='bbox 264 680 446 730; x_wconf 82' lang='grc' dir='ltr'><strong><em>γίστους.</em></strong></span> <span class='ocrx_word' id='word_1_61' title='bbox 516 674 588 720; x_wconf 82' lang='grc' dir='ltr'>καί</span> <span class='ocrx_word' id='word_1_62' title='bbox 628 679 741 733; x_wconf 80' lang='grc' dir='ltr'><strong>ἔφθη</strong></span> <span class='ocrx_word' id='word_1_63' title='bbox 769 694 813 719; x_wconf 88' lang='grc' dir='ltr'><strong>τε</strong></span> <span class='ocrx_word' id='word_1_64' title='bbox 859 681 908 732; x_wconf 75' lang='grc' dir='ltr'><em>δὴ</em></span> <span class='ocrx_word' id='word_1_65' title='bbox 939 677 1127 731; x_wconf 80' lang='grc' dir='ltr'><strong><em>ἐσβαλών</em></strong></span> <span class='ocrx_word' id='word_1_66' title='bbox 1170 681 1211 728; x_wconf 76' lang='grc' dir='ltr'><strong>ἐς</strong></span> <span class='ocrx_word' id='word_1_67' title='bbox 1253 677 1328 732; x_wconf 66' lang='grc' dir='ltr'><strong>τήν</strong></span> <span class='ocrx_word' id='word_1_68' title='bbox 1365 676 1596 732; x_wconf 71' lang='grc' dir='ltr'><strong><em>Σκυθικήν,</em></strong></span> <span class='ocrx_word' id='word_1_69' title='bbox 1626 681 1697 719; x_wconf 82' lang='grc' dir='ltr'><em>καί</em></span> 
     </span>
     <span class='ocr_line' id='line_1_9' title="bbox 264 741 1699 800; baseline 0 -17"><span class='ocrx_word' id='word_1_70' title='bbox 264 745 455 794; x_wconf 79' lang='grc' dir='ltr'><strong><em>συνέμιξε</em></strong></span> <span class='ocrx_word' id='word_1_71' title='bbox 491 745 618 800; x_wconf 73' lang='grc' dir='ltr'><strong><em>μοίρᾳ</em></strong></span> <span class='ocrx_word' id='word_1_72' title='bbox 647 746 726 784; x_wconf 80' lang='grc' dir='ltr'><strong><em>τινί</em></strong></span> <span class='ocrx_word' id='word_1_73' title='bbox 752 744 884 784; x_wconf 65' lang='grc' dir='ltr'><strong><em>αὐτοῦ</em></strong></span> <span class='ocrx_word' id='word_1_74' title='bbox 920 745 988 784; x_wconf 77' lang='grc' dir='ltr'><strong>ἐπὶ</strong></span> <span class='ocrx_word' id='word_1_75' title='bbox 1017 742 1091 797; x_wconf 77' lang='grc' dir='ltr'><strong>τήν</strong></span> <span class='ocrx_word' id='word_1_76' title='bbox 1119 741 1270 798; x_wconf 78' lang='grc' dir='ltr'><strong><em>ἔφοδον</em></strong></span> <span class='ocrx_word' id='word_1_77' title='bbox 1303 745 1600 796; x_wconf 81' lang='grc' dir='ltr'><strong><em>ἐπειγομένους,</em></strong></span> <span class='ocrx_word' id='word_1_78' title='bbox 1626 743 1699 783; x_wconf 79' lang='grc' dir='ltr'><strong><em>καὶ</em></strong></span> 
     </span>
     <span class='ocr_line' id='line_1_10' title="bbox 266 803 1698 862; baseline 0 -16"><span class='ocrx_word' id='word_1_79' title='bbox 266 805 495 858; x_wconf 79' lang='grc' dir='ltr'><strong><em>συμβαλών</em></strong></span> <span class='ocrx_word' id='word_1_80' title='bbox 526 807 636 862; x_wconf 70' lang='grc' dir='ltr'><strong><em>αὐτῇ</em></strong></span> <span class='ocrx_word' id='word_1_81' title='bbox 662 809 878 859; x_wconf 82' lang='grc' dir='ltr'><strong><em>ἐτρέψατο.</em></strong></span> <span class='ocrx_word' id='word_1_82' title='bbox 936 807 986 847; x_wconf 76' lang='grc' dir='ltr'><strong><em>οὔ</em></strong></span> <span class='ocrx_word' id='word_1_83' title='bbox 1017 810 1157 859; x_wconf 84' lang='grc' dir='ltr'><strong><em>μέντοι</em></strong></span> <span class='ocrx_word' id='word_1_84' title='bbox 1174 823 1219 860; x_wconf 89' lang='grc' dir='ltr'><strong>γε</strong></span> <span class='ocrx_word' id='word_1_85' title='bbox 1248 809 1476 861; x_wconf 69' lang='grc' dir='ltr'><strong><em>ἀπεγένετο,</em></strong></span> <span class='ocrx_word' id='word_1_86' title='bbox 1506 803 1528 846; x_wconf 79' lang='grc' dir='ltr'><em>ὅ</em></span> <span class='ocrx_word' id='word_1_87' title='bbox 1559 823 1598 849; x_wconf 87' lang='grc' dir='ltr'><strong><em>τι</em></strong></span> <span class='ocrx_word' id='word_1_88' title='bbox 1625 806 1698 848; x_wconf 79' lang='grc' dir='ltr'>καί</span> 
     </span>
     <span class='ocr_line' id='line_1_11' title="bbox 269 867 1753 928; baseline 0.001 -18"><span class='ocrx_word' id='word_1_89' title='bbox 269 867 383 921; x_wconf 69' lang='grc' dir='ltr'><strong><em>ἄξιον</em></strong></span> <span class='ocrx_word' id='word_1_90' title='bbox 413 872 548 924; x_wconf 88' lang='grc' dir='ltr'><strong><em>λόγου,</em></strong></span> <span class='ocrx_word' id='word_1_91' title='bbox 579 874 623 913; x_wconf 83' lang='grc' dir='ltr'><strong>ἐν</strong></span> <span class='ocrx_word' id='word_1_92' title='bbox 651 871 781 928; x_wconf 81' lang='grc' dir='ltr'><strong><em>ταύτῃ</em></strong></span> <span class='ocrx_word' id='word_1_93' title='bbox 810 874 857 927; x_wconf 85' lang='grc' dir='ltr'><strong><em>τῇ</em></strong></span> <span class='ocrx_word' id='word_1_94' title='bbox 888 874 1088 927; x_wconf 81' lang='grc' dir='ltr'><strong><em>συμβολῇ.</em></strong></span> <span class='ocrx_word' id='word_1_95' title='bbox 1143 871 1182 912; x_wconf 82' lang='grc' dir='ltr'><strong><em>οἱ</em></strong></span> <span class='ocrx_word' id='word_1_96' title='bbox 1212 870 1292 925; x_wconf 71' lang='grc' dir='ltr'><strong><em>γὰρ</em></strong></span> <span class='ocrx_word' id='word_1_97' title='bbox 1325 869 1374 924; x_wconf 74' lang='grc' dir='ltr'><em>δὴ</em></span> <span class='ocrx_word' id='word_1_98' title='bbox 1393 870 1554 917; x_wconf 78' lang='grc' dir='ltr'><strong><em>Σκύθαι</em></strong></span> <span class='ocrx_word' id='word_1_99' title='bbox 1579 874 1695 924; x_wconf 84' lang='grc' dir='ltr'><strong><em>μέγι.</em></strong></span> <span class='ocrx_word' id='word_1_100' title='bbox 1713 879 1753 912; x_wconf 81' lang='grc'><strong>10</strong></span> 
     </span>
     <span class='ocr_line' id='line_1_12' title="bbox 268 934 1698 991; baseline 0 -15"><span class='ocrx_word' id='word_1_101' title='bbox 268 950 363 976; x_wconf 89' lang='grc' dir='ltr'><strong><em>στον</em></strong></span> <span class='ocrx_word' id='word_1_102' title='bbox 395 935 445 988; x_wconf 78' lang='grc' dir='ltr'><strong>δὴ</strong></span> <span class='ocrx_word' id='word_1_103' title='bbox 484 937 605 976; x_wconf 78' lang='grc' dir='ltr'><strong><em>τοῦτο</em></strong></span> <span class='ocrx_word' id='word_1_104' title='bbox 637 934 806 988; x_wconf 80' lang='grc' dir='ltr'><strong><em>ἔχουσιν</em></strong></span> <span class='ocrx_word' id='word_1_105' title='bbox 835 935 1013 989; x_wconf 70' lang='grc' dir='ltr'><strong><em>ἀγαθόν·</em></strong></span> <span class='ocrx_word' id='word_1_106' title='bbox 1081 937 1124 977; x_wconf 83' lang='grc' dir='ltr'><strong>ἐν</strong></span> <span class='ocrx_word' id='word_1_107' title='bbox 1165 937 1216 991; x_wconf 80' lang='grc' dir='ltr'><strong><em>τῇ</em></strong></span> <span class='ocrx_word' id='word_1_108' title='bbox 1244 938 1375 990; x_wconf 83' lang='grc' dir='ltr'><strong><em>τροπῇ</em></strong></span> <span class='ocrx_word' id='word_1_109' title='bbox 1407 935 1698 990; x_wconf 85' lang='grc' dir='ltr'><strong><em>συστρεφόμε-</em></strong></span> 
     </span>
     <span class='ocr_line' id='line_1_13' title="bbox 268 995 1698 1054; baseline 0 -13"><span class='ocrx_word' id='word_1_110' title='bbox 268 1015 328 1041; x_wconf 90' lang='grc' dir='ltr'><strong>νοι</strong></span> <span class='ocrx_word' id='word_1_111' title='bbox 357 995 484 1047; x_wconf 72' lang='grc' dir='ltr'><strong><em>αὖθις</em></strong></span> <span class='ocrx_word' id='word_1_112' title='bbox 513 998 758 1041; x_wconf 78' lang='grc' dir='ltr'><strong><em>ἐλαύνουσιν</em></strong></span> <span class='ocrx_word' id='word_1_113' title='bbox 786 1002 856 1041; x_wconf 76' lang='grc' dir='ltr'><strong>ἐπὶ</strong></span> <span class='ocrx_word' id='word_1_114' title='bbox 881 999 975 1048; x_wconf 77' lang='grc' dir='ltr'><strong><em>τοὺς</em></strong></span> <span class='ocrx_word' id='word_1_115' title='bbox 1015 1003 1250 1054; x_wconf 75' lang='grc' dir='ltr'><strong><em>πολεμίους,</em></strong></span> <span class='ocrx_word' id='word_1_116' title='bbox 1276 1001 1399 1041; x_wconf 85' lang='grc' dir='ltr'><strong><em>ου’δέν</em></strong></span> <span class='ocrx_word' id='word_1_117' title='bbox 1426 1015 1467 1041; x_wconf 87' lang='grc' dir='ltr'><strong><em>τι</em></strong></span> <span class='ocrx_word' id='word_1_118' title='bbox 1491 1000 1593 1041; x_wconf 81' lang='grc' dir='ltr'><strong><em>κατὰ</em></strong></span> <span class='ocrx_word' id='word_1_119' title='bbox 1621 999 1698 1053; x_wconf 80' lang='grc' dir='ltr'><strong>τὴν</strong></span> 
     </span>
     <span class='ocr_line' id='line_1_14' title="bbox 268 1062 1699 1119; baseline -0.001 -13"><span class='ocrx_word' id='word_1_120' title='bbox 268 1063 420 1118; x_wconf 69' lang='grc' dir='ltr'><strong><em>τροπήν</em></strong></span> <span class='ocrx_word' id='word_1_121' title='bbox 447 1064 632 1117; x_wconf 88' lang='grc' dir='ltr'><strong><em>χαλεπὸν</em></strong></span> <span class='ocrx_word' id='word_1_122' title='bbox 667 1062 958 1119; x_wconf 76' lang='grc' dir='ltr'><strong><em>ὑφιστάμενοι.</em></strong></span> <span class='ocrx_word' id='word_1_123' title='bbox 1013 1063 1115 1116; x_wconf 77' lang='grc' dir='ltr'><strong><em>μετὰ</em></strong></span> <span class='ocrx_word' id='word_1_124' title='bbox 1149 1066 1215 1117; x_wconf 86' lang='grc' dir='ltr'><strong>δέ,</strong></span> <span class='ocrx_word' id='word_1_125' title='bbox 1247 1063 1303 1112; x_wconf 78' lang='grc' dir='ltr'><strong>ὥς</strong></span> <span class='ocrx_word' id='word_1_126' title='bbox 1329 1066 1401 1106; x_wconf 81' lang='grc' dir='ltr'><strong>ἑπί</strong></span> <span class='ocrx_word' id='word_1_127' title='bbox 1426 1066 1497 1106; x_wconf 89' lang='grc' dir='ltr'><strong>τὸν</strong></span> <span class='ocrx_word' id='word_1_128' title='bbox 1524 1067 1699 1116; x_wconf 81' lang='grc' dir='ltr'><strong><em>βασιλέα</em></strong></span> 
     </span>
     <span class='ocr_line' id='line_1_15' title="bbox 226 1125 1699 1182; baseline 0 -14"><span class='ocrx_word' id='word_1_129' title='bbox 226 1131 442 1169; x_wconf 56' lang='lat' dir='ltr'><strong>cxxv-9032»</strong></span> <span class='ocrx_word' id='word_1_130' title='bbox 474 1125 616 1182; x_wconf 78' lang='grc' dir='ltr'><strong><em>ἤλασε,</em></strong></span> <span class='ocrx_word' id='word_1_131' title='bbox 643 1126 898 1182; x_wconf 79' lang='grc' dir='ltr'><strong><em>παρετάξατό</em></strong></span> <span class='ocrx_word' id='word_1_132' title='bbox 927 1144 970 1169; x_wconf 88' lang='grc' dir='ltr'><strong>τε</strong></span> <span class='ocrx_word' id='word_1_133' title='bbox 999 1131 1058 1176; x_wconf 82' lang='grc' dir='ltr'><strong>εἰς</strong></span> <span class='ocrx_word' id='word_1_134' title='bbox 1083 1128 1222 1182; x_wconf 75' lang='grc' dir='ltr'><strong><em>μάχην</em></strong></span> <span class='ocrx_word' id='word_1_135' title='bbox 1239 1163 1250 1182; x_wconf 82' lang='grc'>,</span> <span class='ocrx_word' id='word_1_136' title='bbox 1278 1128 1350 1169; x_wconf 80' lang='grc' dir='ltr'><em>καί</em></span> <span class='ocrx_word' id='word_1_137' title='bbox 1375 1127 1412 1170; x_wconf 84' lang='grc' dir='ltr'><strong><em>οἱ</em></strong></span> <span class='ocrx_word' id='word_1_138' title='bbox 1441 1128 1602 1170; x_wconf 77' lang='grc' dir='ltr'><strong><em>Σκύθαι</em></strong></span> <span class='ocrx_word' id='word_1_139' title='bbox 1630 1144 1699 1169; x_wconf 87' lang='grc' dir='ltr'><strong>νυ-</strong></span> 
     </span>
     <span class='ocr_line' id='line_1_16' title="bbox 268 1190 1756 1247; baseline 0.001 -15"><span class='ocrx_word' id='word_1_140' title='bbox 268 1192 365 1241; x_wconf 79' lang='grc' dir='ltr'><strong><em>κτὸς</em></strong></span> <span class='ocrx_word' id='word_1_141' title='bbox 405 1191 650 1247; x_wconf 74' lang='grc' dir='ltr'><strong><em>ἀπεχώρουν</em></strong></span> <span class='ocrx_word' id='word_1_142' title='bbox 689 1192 790 1234; x_wconf 77' lang='grc' dir='ltr'><strong>ὦσεί</strong></span> <span class='ocrx_word' id='word_1_143' title='bbox 827 1192 1024 1241; x_wconf 79' lang='grc' dir='ltr'><strong><em>σταδίους</em></strong></span> <span class='ocrx_word' id='word_1_144' title='bbox 1062 1191 1191 1234; x_wconf 80' lang='grc' dir='ltr'><strong><em>εἴκοσι</em></strong></span> <span class='ocrx_word' id='word_1_145' title='bbox 1238 1195 1309 1234; x_wconf 77' lang='grc' dir='ltr'>καί</span> <span class='ocrx_word' id='word_1_146' title='bbox 1347 1190 1498 1234; x_wconf 70' lang='grc' dir='ltr'><strong><em>ἑκατόν.</em></strong></span> <span class='ocrx_word' id='word_1_147' title='bbox 1567 1193 1622 1239; x_wconf 75' lang='grc' dir='ltr'><strong>ὥς</strong></span> <span class='ocrx_word' id='word_1_148' title='bbox 1654 1193 1698 1233; x_wconf 81' lang='grc' dir='ltr'><strong>δὲ</strong></span> <span class='ocrx_word' id='word_1_149' title='bbox 1714 1194 1756 1227; x_wconf 87' lang='grc'><strong>15</strong></span> 
     </span>
     <span class='ocr_line' id='line_1_17' title="bbox 270 1253 1700 1313; baseline 0 -16"><span class='ocrx_word' id='word_1_150' title='bbox 270 1258 388 1313; x_wconf 79' lang='grc' dir='ltr'><strong><em>ἐπῄει</em></strong></span> <span class='ocrx_word' id='word_1_151' title='bbox 422 1257 610 1311; x_wconf 78' lang='grc' dir='ltr'><strong><em>Τεμὴρης</em></strong></span> <span class='ocrx_word' id='word_1_152' title='bbox 650 1255 907 1312; x_wconf 74' lang='grc' dir='ltr'><strong><em>διημερεύων</em></strong></span> <span class='ocrx_word' id='word_1_153' title='bbox 949 1255 1153 1310; x_wconf 77' lang='grc' dir='ltr'><strong><em>ἐπήλαυνε</em></strong></span> <span class='ocrx_word' id='word_1_154' title='bbox 1183 1257 1351 1310; x_wconf 82' lang='grc' dir='ltr'><strong><em>νυκτός,</em></strong></span> <span class='ocrx_word' id='word_1_155' title='bbox 1379 1253 1506 1306; x_wconf 69' lang='grc' dir='ltr'><strong><em>αὖθις</em></strong></span> <span class='ocrx_word' id='word_1_156' title='bbox 1534 1255 1700 1308; x_wconf 78' lang='grc' dir='ltr'><strong><em>α’πεχώ-</em></strong></span> 
     </span>
     <span class='ocr_line' id='line_1_18' title="bbox 158 1319 1700 1378; baseline -0.001 -14"><span class='ocrx_word' id='word_1_157' title='bbox 158 1330 258 1364; x_wconf 81' lang='lat' dir='ltr'>v.58</span> <span class='ocrx_word' id='word_1_158' title='bbox 272 1337 374 1373; x_wconf 86' lang='grc' dir='ltr'><strong><em>ρουν</em></strong></span> <span class='ocrx_word' id='word_1_159' title='bbox 403 1321 440 1362; x_wconf 84' lang='grc' dir='ltr'><strong><em>οἱ</em></strong></span> <span class='ocrx_word' id='word_1_160' title='bbox 471 1321 669 1374; x_wconf 60' lang='lat' dir='ltr'><strong>Emi-ffat,¹</strong></span> <span class='ocrx_word' id='word_1_161' title='bbox 695 1319 798 1363; x_wconf 77' lang='grc' dir='ltr'><strong><em>ὥστε</em></strong></span> <span class='ocrx_word' id='word_1_162' title='bbox 834 1323 883 1375; x_wconf 67' lang='grc' dir='ltr'><strong>δὴ</strong></span> <span class='ocrx_word' id='word_1_163' title='bbox 917 1324 1049 1362; x_wconf 79' lang='grc' dir='ltr'><strong><em>ταῦτα</em></strong></span> <span class='ocrx_word' id='word_1_164' title='bbox 1090 1319 1332 1373; x_wconf 81' lang='grc' dir='ltr'><strong><em>ποιούμενος</em></strong></span> <span class='ocrx_word' id='word_1_165' title='bbox 1360 1320 1510 1374; x_wconf 82' lang='grc' dir='ltr'><strong><em>ἔκαμνε</em></strong></span> <span class='ocrx_word' id='word_1_166' title='bbox 1535 1325 1594 1378; x_wconf 71' lang='grc' dir='ltr'><strong><em>τῷ</em></strong></span> <span class='ocrx_word' id='word_1_167' title='bbox 1625 1325 1700 1362; x_wconf 85' lang='grc' dir='ltr'><strong>Τε-</strong></span> 
     </span>
     <span class='ocr_line' id='line_1_19' title="bbox 269 1384 1700 1442; baseline 0 -14"><span class='ocrx_word' id='word_1_168' title='bbox 269 1385 380 1442; x_wconf 75' lang='grc' dir='ltr'><strong><em>μήρῃ</em></strong></span> <span class='ocrx_word' id='word_1_169' title='bbox 410 1384 430 1428; x_wconf 85' lang='grc' dir='ltr'>ὁ</span> <span class='ocrx_word' id='word_1_170' title='bbox 460 1385 653 1441; x_wconf 78' lang='grc' dir='ltr'><strong><em>στρατός,</em></strong></span> <span class='ocrx_word' id='word_1_171' title='bbox 682 1386 753 1428; x_wconf 86' lang='grc' dir='ltr'><em>καί</em></span> <span class='ocrx_word' id='word_1_172' title='bbox 778 1391 1044 1441; x_wconf 79' lang='grc' dir='ltr'><strong><em>προεκαλεῖτο</em></strong></span> <span class='ocrx_word' id='word_1_173' title='bbox 1079 1388 1120 1434; x_wconf 82' lang='grc' dir='ltr'><strong>ἐς</strong></span> <span class='ocrx_word' id='word_1_174' title='bbox 1147 1385 1288 1439; x_wconf 79' lang='grc' dir='ltr'><strong><em>μάχην</em></strong></span> <span class='ocrx_word' id='word_1_175' title='bbox 1315 1388 1394 1428; x_wconf 76' lang='grc' dir='ltr'><strong>τῶν</strong></span> <span class='ocrx_word' id='word_1_176' title='bbox 1421 1389 1596 1428; x_wconf 79' lang='grc' dir='ltr'><strong><em>Σκυθῶν</em></strong></span> <span class='ocrx_word' id='word_1_177' title='bbox 1620 1389 1700 1439; x_wconf 84' lang='grc' dir='ltr'><strong><em>βα-</em></strong></span> 
     </span>
     <span class='ocr_line' id='line_1_20' title="bbox 267 1448 1701 1505; baseline 0 -14"><span class='ocrx_word' id='word_1_178' title='bbox 267 1454 402 1492; x_wconf 82' lang='grc' dir='ltr'><strong><em>σιλέα.</em></strong></span> <span class='ocrx_word' id='word_1_179' title='bbox 459 1451 564 1503; x_wconf 77' lang='grc' dir='ltr'><strong><em>μετὰ</em></strong></span> <span class='ocrx_word' id='word_1_180' title='bbox 599 1454 645 1493; x_wconf 84' lang='grc' dir='ltr'><strong>δὲ</strong></span> <span class='ocrx_word' id='word_1_181' title='bbox 672 1452 806 1492; x_wconf 77' lang='grc' dir='ltr'><strong><em>ταῦτα</em></strong></span> <span class='ocrx_word' id='word_1_182' title='bbox 832 1448 1287 1505; x_wconf 77' lang='grc' dir='ltr'><strong><em>στρατοπεδευσάμενος</em></strong></span> <span class='ocrx_word' id='word_1_183' title='bbox 1309 1453 1352 1499; x_wconf 81' lang='grc' dir='ltr'><strong>ἐς</strong></span> <span class='ocrx_word' id='word_1_184' title='bbox 1379 1450 1451 1504; x_wconf 71' lang='grc' dir='ltr'><strong>τήν</strong></span> <span class='ocrx_word' id='word_1_185' title='bbox 1475 1450 1701 1504; x_wconf 76' lang='grc' dir='ltr'><strong><em>ὗστεραίαν</em></strong></span> 
     </span>
     <span class='ocr_line' id='line_1_21' title="bbox 270 1513 1756 1570; baseline 0 -15"><span class='ocrx_word' id='word_1_186' title='bbox 270 1513 527 1570; x_wconf 77' lang='grc' dir='ltr'><strong><em>παρετάξατο</em></strong></span> <span class='ocrx_word' id='word_1_187' title='bbox 569 1515 673 1558; x_wconf 79' lang='grc' dir='ltr'><strong><em>κατὰ</em></strong></span> <span class='ocrx_word' id='word_1_188' title='bbox 711 1514 815 1564; x_wconf 85' lang='grc' dir='ltr'><strong><em>ἴλας.</em></strong></span> <span class='ocrx_word' id='word_1_189' title='bbox 889 1515 1076 1569; x_wconf 76' lang='grc' dir='ltr'><strong><em>Τεμὴρης</em></strong></span> <span class='ocrx_word' id='word_1_190' title='bbox 1117 1516 1162 1555; x_wconf 84' lang='grc' dir='ltr'><strong>δὲ</strong></span> <span class='ocrx_word' id='word_1_191' title='bbox 1190 1515 1469 1570; x_wconf 81' lang='grc' dir='ltr'><strong><em>παρετάσσετο</em></strong></span> <span class='ocrx_word' id='word_1_192' title='bbox 1498 1514 1568 1556; x_wconf 78' lang='grc' dir='ltr'><strong>ἐπὶ</strong></span> <span class='ocrx_word' id='word_1_193' title='bbox 1594 1515 1756 1556; x_wconf 49' lang='lat' dir='ltr'><strong>noaino</strong></span> 
     </span>
    </p>
   </div>
   <div class='ocr_carea' id='block_1_3' title="bbox 362 1618 575 1656">
    <p class='ocr_par' dir='ltr' id='par_1_3' title="bbox 362 1618 575 1656">
     <span class='ocr_line' id='line_1_22' title="bbox 362 1618 575 1656; baseline 0 -3"><span class='ocrx_word' id='word_1_194' title='bbox 362 1618 397 1653; x_wconf 90' lang='grc'><strong>9-</strong></span> <span class='ocrx_word' id='word_1_195' title='bbox 426 1618 575 1656; x_wconf 57' lang='lat' dir='ltr'><strong>ahmiu?</strong></span> 
     </span>
    </p>
   </div>
   <div class='ocr_carea' id='block_1_4' title="bbox 272 1725 1709 2735">
    <p class='ocr_par' dir='ltr' id='par_1_4' title="bbox 272 1725 1709 2735">
     <span class='ocr_line' id='line_1_23' title="bbox 272 1725 1699 1770; baseline -0.001 -12"><span class='ocrx_word' id='word_1_196' title='bbox 272 1725 425 1758; x_wconf 65' lang='lat' dir='ltr'><strong>&#39;remitis</strong></span> <span class='ocrx_word' id='word_1_197' title='bbox 454 1725 625 1758; x_wconf 85' lang='lat' dir='ltr'><strong>exercitui</strong></span> <span class='ocrx_word' id='word_1_198' title='bbox 649 1726 750 1758; x_wconf 83' lang='lat' dir='ltr'><strong>illata</strong></span> <span class='ocrx_word' id='word_1_199' title='bbox 778 1731 830 1759; x_wconf 90' lang='lat' dir='ltr'><strong>est</strong></span> <span class='ocrx_word' id='word_1_200' title='bbox 852 1737 870 1758; x_wconf 82' lang='lat' dir='ltr'><strong>a</strong></span> <span class='ocrx_word' id='word_1_201' title='bbox 896 1727 1045 1770; x_wconf 86' lang='lat' dir='ltr'><strong>Scythis.</strong></span> <span class='ocrx_word' id='word_1_202' title='bbox 1096 1727 1225 1760; x_wconf 83' lang='lat' dir='ltr'><strong>deinde</strong></span> <span class='ocrx_word' id='word_1_203' title='bbox 1251 1737 1327 1759; x_wconf 89' lang='lat' dir='ltr'><strong>cum</strong></span> <span class='ocrx_word' id='word_1_204' title='bbox 1358 1737 1428 1758; x_wconf 88' lang='lat' dir='ltr'><strong>non</strong></span> <span class='ocrx_word' id='word_1_205' title='bbox 1449 1730 1569 1770; x_wconf 81' lang='lat' dir='ltr'><strong>posset</strong></span> <span class='ocrx_word' id='word_1_206' title='bbox 1592 1735 1699 1769; x_wconf 81' lang='lat' dir='ltr'><strong>supe-</strong></span> 
     </span>
     <span class='ocr_line' id='line_1_24' title="bbox 274 1772 1698 1814; baseline -0.001 -10"><span class='ocrx_word' id='word_1_207' title='bbox 274 1782 350 1804; x_wconf 90' lang='lat' dir='ltr'><strong>rare</strong></span> <span class='ocrx_word' id='word_1_208' title='bbox 383 1772 560 1814; x_wconf 81' lang='lat' dir='ltr'><strong>angustias</strong></span> <span class='ocrx_word' id='word_1_209' title='bbox 580 1795 591 1811; x_wconf 85' lang='lat'><strong><em>,</em></strong></span> <span class='ocrx_word' id='word_1_210' title='bbox 625 1773 815 1804; x_wconf 75' lang='lat' dir='ltr'><strong>exercitum</strong></span> <span class='ocrx_word' id='word_1_211' title='bbox 853 1773 998 1806; x_wconf 78' lang='lat' dir='ltr'><strong>abduxit</strong></span> <span class='ocrx_word' id='word_1_212' title='bbox 1027 1779 1062 1806; x_wconf 85' lang='lat' dir='ltr'><strong>et</strong></span> <span class='ocrx_word' id='word_1_213' title='bbox 1096 1773 1239 1806; x_wconf 89' lang='lat' dir='ltr'><strong>domum</strong></span> <span class='ocrx_word' id='word_1_214' title='bbox 1265 1783 1419 1805; x_wconf 84' lang='lat' dir='ltr'><strong>reversus</strong></span> <span class='ocrx_word' id='word_1_215' title='bbox 1456 1777 1526 1804; x_wconf 87' lang='lat' dir='ltr'><strong>est..</strong></span> <span class='ocrx_word' id='word_1_216' title='bbox 1567 1777 1698 1803; x_wconf 78' lang='lat' dir='ltr'>aestate</span> 
     </span>
     <span class='ocr_line' id='line_1_25' title="bbox 274 1817 1698 1864; baseline -0.001 -14"><span class='ocrx_word' id='word_1_217' title='bbox 274 1823 392 1850; x_wconf 85' lang='lat' dir='ltr'><strong>autem</strong></span> <span class='ocrx_word' id='word_1_218' title='bbox 418 1817 615 1861; x_wconf 80' lang='lat' dir='ltr'><strong>insequenti</strong></span> <span class='ocrx_word' id='word_1_219' title='bbox 642 1818 866 1850; x_wconf 84' lang='lat' dir='ltr'><strong>conscribens</strong></span> <span class='ocrx_word' id='word_1_220' title='bbox 893 1820 1083 1851; x_wconf 81' lang='lat' dir='ltr'><strong>exercitum</strong></span> <span class='ocrx_word' id='word_1_221' title='bbox 1113 1831 1216 1864; x_wconf 82' lang='lat' dir='ltr'><strong>quam</strong></span> <span class='ocrx_word' id='word_1_222' title='bbox 1239 1819 1356 1862; x_wconf 82' lang='lat' dir='ltr'><strong>potuit</strong></span> <span class='ocrx_word' id='word_1_223' title='bbox 1375 1818 1572 1856; x_wconf 75' lang='lat' dir='ltr'><strong>maximum,</strong></span> <span class='ocrx_word' id='word_1_224' title='bbox 1602 1817 1698 1849; x_wconf 81' lang='lat' dir='ltr'><strong>bello</strong></span> 
     </span>
     <span class='ocr_line' id='line_1_26' title="bbox 275 1862 1698 1908; baseline -0.001 -13"><span class='ocrx_word' id='word_1_225' title='bbox 275 1869 397 1908; x_wconf 85' lang='lat' dir='ltr'><strong>petere</strong></span> <span class='ocrx_word' id='word_1_226' title='bbox 424 1865 617 1907; x_wconf 79' lang='lat' dir='ltr'><strong>Aegyptum</strong></span> <span class='ocrx_word' id='word_1_227' title='bbox 649 1865 782 1896; x_wconf 77' lang='lat' dir='ltr'><strong>statuit.</strong></span> <span class='ocrx_word' id='word_1_228' title='bbox 831 1870 954 1908; x_wconf 84' lang='lat' dir='ltr'><strong>postea</strong></span> <span class='ocrx_word' id='word_1_229' title='bbox 979 1866 1067 1898; x_wconf 83' lang='lat' dir='ltr'><strong>inito</strong></span> <span class='ocrx_word' id='word_1_230' title='bbox 1100 1866 1249 1898; x_wconf 82' lang='lat' dir='ltr'><strong>consilio</strong></span> <span class='ocrx_word' id='word_1_231' title='bbox 1280 1864 1485 1897; x_wconf 83' lang='lat' dir='ltr'><strong>transversis</strong></span> <span class='ocrx_word' id='word_1_232' title='bbox 1510 1862 1698 1896; x_wconf 82' lang='lat' dir='ltr'>itineribus</span> 
     </span>
     <span class='ocr_line' id='line_1_27' title="bbox 275 1908 1700 1954; baseline -0.001 -13"><span class='ocrx_word' id='word_1_233' title='bbox 275 1920 447 1954; x_wconf 82' lang='lat' dir='ltr'>peragens</span> <span class='ocrx_word' id='word_1_234' title='bbox 475 1921 594 1941; x_wconf 77' lang='lat' dir='ltr'><strong>cursus</strong></span> <span class='ocrx_word' id='word_1_235' title='bbox 621 1920 725 1953; x_wconf 85' lang='lat' dir='ltr'><strong>quam</strong></span> <span class='ocrx_word' id='word_1_236' title='bbox 750 1912 931 1951; x_wconf 82' lang='lat' dir='ltr'><strong>maximos,</strong></span> <span class='ocrx_word' id='word_1_237' title='bbox 956 1923 1094 1943; x_wconf 84' lang='lat' dir='ltr'><strong>omnem</strong></span> <span class='ocrx_word' id='word_1_238' title='bbox 1119 1912 1207 1944; x_wconf 86' lang='lat' dir='ltr'><strong>belli</strong></span> <span class='ocrx_word' id='word_1_239' title='bbox 1231 1915 1477 1954; x_wconf 80' lang='lat' dir='ltr'><strong>tempestatem</strong></span> <span class='ocrx_word' id='word_1_240' title='bbox 1501 1909 1538 1941; x_wconf 87' lang='lat' dir='ltr'><strong>in</strong></span> <span class='ocrx_word' id='word_1_241' title='bbox 1555 1908 1700 1951; x_wconf 77' lang='lat' dir='ltr'>Scythas</span> 
     </span>
     <span class='ocr_line' id='line_1_28' title="bbox 275 1954 1700 2000; baseline -0.001 -12"><span class='ocrx_word' id='word_1_242' title='bbox 275 1956 391 1988; x_wconf 84' lang='lat' dir='ltr'><strong>denuo</strong></span> <span class='ocrx_word' id='word_1_243' title='bbox 418 1956 533 1988; x_wconf 86' lang='lat' dir='ltr'><strong>vertit.</strong></span> <span class='ocrx_word' id='word_1_244' title='bbox 583 1959 619 1987; x_wconf 89' lang='lat' dir='ltr'><strong>et</strong></span> <span class='ocrx_word' id='word_1_245' title='bbox 643 1955 784 1999; x_wconf 89' lang='lat' dir='ltr'><strong>quidem</strong></span> <span class='ocrx_word' id='word_1_246' title='bbox 810 1968 870 1988; x_wconf 88' lang='lat' dir='ltr'><strong>sua</strong></span> <span class='ocrx_word' id='word_1_247' title='bbox 894 1957 1078 1990; x_wconf 88' lang='lat' dir='ltr'><strong>celeritate</strong></span> <span class='ocrx_word' id='word_1_248' title='bbox 1092 1957 1239 1999; x_wconf 79' lang='lat' dir='ltr'><strong>Scythas</strong></span> <span class='ocrx_word' id='word_1_249' title='bbox 1267 1956 1496 2000; x_wconf 83' lang='lat' dir='ltr'><strong>praeveniens</strong></span> <span class='ocrx_word' id='word_1_250' title='bbox 1522 1954 1700 1996; x_wconf 85' lang='lat' dir='ltr'><strong>Scythiam</strong></span> 
     </span>
     <span class='ocr_line' id='line_1_29' title="bbox 274 1999 1699 2047; baseline -0.001 -14"><span class='ocrx_word' id='word_1_251' title='bbox 274 2002 450 2044; x_wconf 78' lang='lat' dir='ltr'><strong>ingressus</strong></span> <span class='ocrx_word' id='word_1_252' title='bbox 479 2007 552 2040; x_wconf 73' lang='lat' dir='ltr'><strong>est3</strong></span> <span class='ocrx_word' id='word_1_253' title='bbox 582 2005 618 2032; x_wconf 90' lang='lat' dir='ltr'><strong>et</strong></span> <span class='ocrx_word' id='word_1_254' title='bbox 639 2001 808 2034; x_wconf 83' lang='lat' dir='ltr'>dimicans</span> <span class='ocrx_word' id='word_1_255' title='bbox 834 2013 910 2034; x_wconf 92' lang='lat' dir='ltr'><strong>cum</strong></span> <span class='ocrx_word' id='word_1_256' title='bbox 941 2005 981 2035; x_wconf 87' lang='lat' dir='ltr'><strong>iis</strong></span> <span class='ocrx_word' id='word_1_257' title='bbox 1011 2005 1071 2047; x_wconf 89' lang='lat' dir='ltr'><strong>qui</strong></span> <span class='ocrx_word' id='word_1_258' title='bbox 1101 2003 1144 2035; x_wconf 91' lang='lat' dir='ltr'><strong>ad</strong></span> <span class='ocrx_word' id='word_1_259' title='bbox 1174 2003 1352 2045; x_wconf 80' lang='lat' dir='ltr'><strong>angustias</strong></span> <span class='ocrx_word' id='word_1_260' title='bbox 1378 1999 1542 2033; x_wconf 82' lang='lat' dir='ltr'><strong>tutandas</strong></span> <span class='ocrx_word' id='word_1_261' title='bbox 1571 2011 1699 2044; x_wconf 84' lang='lat' dir='ltr'>prope-</span> 
     </span>
     <span class='ocr_line' id='line_1_30' title="bbox 275 2046 1702 2092; baseline -0.002 -12"><span class='ocrx_word' id='word_1_262' title='bbox 275 2048 426 2087; x_wconf 82' lang='lat' dir='ltr'>rabant,</span> <span class='ocrx_word' id='word_1_263' title='bbox 456 2058 516 2079; x_wconf 84' lang='lat' dir='ltr'><strong>eos</strong></span> <span class='ocrx_word' id='word_1_264' title='bbox 543 2052 678 2080; x_wconf 81' lang='lat' dir='ltr'><strong>vertere</strong></span> <span class='ocrx_word' id='word_1_265' title='bbox 705 2049 838 2091; x_wconf 86' lang='lat' dir='ltr'><strong>coegit:</strong></span> <span class='ocrx_word' id='word_1_266' title='bbox 866 2060 983 2092; x_wconf 87' lang='lat' dir='ltr'><strong>neque</strong></span> <span class='ocrx_word' id='word_1_267' title='bbox 1011 2049 1048 2080; x_wconf 88' lang='lat' dir='ltr'><strong>id</strong></span> <span class='ocrx_word' id='word_1_268' title='bbox 1086 2049 1253 2092; x_wconf 82' lang='lat' dir='ltr'><strong>flagitium</strong></span> <span class='ocrx_word' id='word_1_269' title='bbox 1280 2047 1428 2080; x_wconf 78' lang='lat' dir='ltr'><strong>militiae</strong></span> <span class='ocrx_word' id='word_1_270' title='bbox 1452 2046 1603 2078; x_wconf 80' lang='lat' dir='ltr'><strong>ducitur.</strong></span> <span class='ocrx_word' id='word_1_271' title='bbox 1653 2047 1702 2078; x_wconf 80' lang='lat' dir='ltr'><strong>ita</strong></span> 
     </span>
     <span class='ocr_line' id='line_1_31' title="bbox 274 2091 1701 2138; baseline -0.002 -12"><span class='ocrx_word' id='word_1_272' title='bbox 274 2093 409 2126; x_wconf 84' lang='lat' dir='ltr'><strong>habent</strong></span> <span class='ocrx_word' id='word_1_273' title='bbox 431 2104 556 2125; x_wconf 84' lang='lat' dir='ltr'><strong>mores.</strong></span> <span class='ocrx_word' id='word_1_274' title='bbox 619 2093 770 2135; x_wconf 81' lang='lat' dir='ltr'>Scythae</span> <span class='ocrx_word' id='word_1_275' title='bbox 804 2105 956 2138; x_wconf 86' lang='lat' dir='ltr'><strong>namque</strong></span> <span class='ocrx_word' id='word_1_276' title='bbox 987 2095 1171 2127; x_wconf 83' lang='lat' dir='ltr'><strong>maximam</strong></span> <span class='ocrx_word' id='word_1_277' title='bbox 1203 2095 1302 2126; x_wconf 80' lang='lat' dir='ltr'><strong>istam</strong></span> <span class='ocrx_word' id='word_1_278' title='bbox 1330 2091 1614 2126; x_wconf 84' lang='lat' dir='ltr'><strong>commoditatem</strong></span> <span class='ocrx_word' id='word_1_279' title='bbox 1637 2091 1701 2124; x_wconf 87' lang='lat' dir='ltr'><strong>ha-</strong></span> 
     </span>
     <span class='ocr_line' id='line_1_32' title="bbox 274 2137 1704 2185; baseline -0.002 -13"><span class='ocrx_word' id='word_1_280' title='bbox 274 2140 373 2179; x_wconf 87' lang='lat' dir='ltr'><strong>bent,</strong></span> <span class='ocrx_word' id='word_1_281' title='bbox 398 2145 438 2172; x_wconf 83' lang='lat' dir='ltr'><strong>ut</strong></span> <span class='ocrx_word' id='word_1_282' title='bbox 466 2140 502 2171; x_wconf 89' lang='lat' dir='ltr'><strong>in</strong></span> <span class='ocrx_word' id='word_1_283' title='bbox 522 2139 637 2182; x_wconf 84' lang='lat' dir='ltr'><strong>sugam</strong></span> <span class='ocrx_word' id='word_1_284' title='bbox 674 2150 710 2172; x_wconf 80' lang='lat' dir='ltr'><strong>se</strong></span> <span class='ocrx_word' id='word_1_285' title='bbox 737 2146 940 2173; x_wconf 86' lang='lat' dir='ltr'><strong>convertere</strong></span> <span class='ocrx_word' id='word_1_286' title='bbox 974 2142 1111 2184; x_wconf 82' lang='lat' dir='ltr'><strong>possint</strong></span> <span class='ocrx_word' id='word_1_287' title='bbox 1144 2141 1388 2185; x_wconf 86' lang='lat' dir='ltr'><strong>praeliumque</strong></span> <span class='ocrx_word' id='word_1_288' title='bbox 1415 2149 1491 2170; x_wconf 92' lang='lat' dir='ltr'><strong>cum</strong></span> <span class='ocrx_word' id='word_1_289' title='bbox 1516 2137 1619 2170; x_wconf 76' lang='lat' dir='ltr'><strong>hoste</strong></span> <span class='ocrx_word' id='word_1_290' title='bbox 1645 2148 1704 2170; x_wconf 86' lang='lat' dir='ltr'><strong>re-</strong></span> 
     </span>
     <span class='ocr_line' id='line_1_33' title="bbox 274 2183 1698 2229; baseline -0.002 -11"><span class='ocrx_word' id='word_1_291' title='bbox 274 2185 476 2229; x_wconf 85' lang='lat' dir='ltr'><strong>dintegrare</strong></span> <span class='ocrx_word' id='word_1_292' title='bbox 494 2209 504 2226; x_wconf 92' lang='lat'><strong>,</strong></span> <span class='ocrx_word' id='word_1_293' title='bbox 538 2185 631 2217; x_wconf 89' lang='lat' dir='ltr'><strong>nihil</strong></span> <span class='ocrx_word' id='word_1_294' title='bbox 672 2186 812 2217; x_wconf 84' lang='lat' dir='ltr'><strong>interim</strong></span> <span class='ocrx_word' id='word_1_295' title='bbox 838 2187 987 2229; x_wconf 87' lang='lat' dir='ltr'><strong>periculi</strong></span> <span class='ocrx_word' id='word_1_296' title='bbox 1018 2188 1055 2219; x_wconf 91' lang='lat' dir='ltr'><strong>in</strong></span> <span class='ocrx_word' id='word_1_297' title='bbox 1080 2187 1162 2229; x_wconf 84' lang='lat' dir='ltr'><strong>fuga</strong></span> <span class='ocrx_word' id='word_1_298' title='bbox 1189 2187 1414 2218; x_wconf 85' lang='lat' dir='ltr'><strong>sustinentes.</strong></span> <span class='ocrx_word' id='word_1_299' title='bbox 1464 2183 1594 2216; x_wconf 84' lang='lat' dir='ltr'><strong>deinde</strong></span> <span class='ocrx_word' id='word_1_300' title='bbox 1620 2194 1698 2216; x_wconf 86' lang='lat' dir='ltr'><strong>cum</strong></span> 
     </span>
     <span class='ocr_line' id='line_1_34' title="bbox 275 2231 1705 2276; baseline -0.002 -12"><span class='ocrx_word' id='word_1_301' title='bbox 275 2231 480 2274; x_wconf 78' lang='lat' dir='ltr'><strong>Scytharum</strong></span> <span class='ocrx_word' id='word_1_302' title='bbox 521 2242 637 2274; x_wconf 80' lang='lat' dir='ltr'><strong>regem</strong></span> <span class='ocrx_word' id='word_1_303' title='bbox 678 2231 806 2263; x_wconf 86' lang='lat' dir='ltr'><strong>infesto</strong></span> <span class='ocrx_word' id='word_1_304' title='bbox 836 2233 952 2265; x_wconf 87' lang='lat' dir='ltr'><strong>animo</strong></span> <span class='ocrx_word' id='word_1_305' title='bbox 979 2238 1118 2276; x_wconf 86' lang='lat' dir='ltr'><strong>peteret</strong></span> <span class='ocrx_word' id='word_1_306' title='bbox 1136 2257 1144 2270; x_wconf 90' lang='lat'>‚</span> <span class='ocrx_word' id='word_1_307' title='bbox 1182 2233 1321 2273; x_wconf 88' lang='lat' dir='ltr'><strong>longius</strong></span> <span class='ocrx_word' id='word_1_308' title='bbox 1346 2241 1548 2274; x_wconf 83' lang='lat' dir='ltr'><strong>progressus</strong></span> <span class='ocrx_word' id='word_1_309' title='bbox 1575 2235 1639 2269; x_wconf 79' lang='lat' dir='ltr'><strong>est,</strong></span> <span class='ocrx_word' id='word_1_310' title='bbox 1669 2234 1705 2261; x_wconf 85' lang='lat' dir='ltr'><strong>et</strong></span> 
     </span>
     <span class='ocr_line' id='line_1_35' title="bbox 275 2276 1704 2321; baseline -0.002 -11"><span class='ocrx_word' id='word_1_311' title='bbox 275 2278 320 2310; x_wconf 87' lang='lat' dir='ltr'><strong>ad</strong></span> <span class='ocrx_word' id='word_1_312' title='bbox 346 2278 517 2321; x_wconf 77' lang='lat' dir='ltr'><strong>praelium</strong></span> <span class='ocrx_word' id='word_1_313' title='bbox 556 2289 636 2310; x_wconf 82' lang='lat' dir='ltr'><strong>suos</strong></span> <span class='ocrx_word' id='word_1_314' title='bbox 675 2277 884 2310; x_wconf 80' lang='lat' dir='ltr'><strong>instruebat.</strong></span> <span class='ocrx_word' id='word_1_315' title='bbox 933 2279 1083 2320; x_wconf 84' lang='lat' dir='ltr'><strong>Scythae</strong></span> <span class='ocrx_word' id='word_1_316' title='bbox 1120 2278 1308 2310; x_wconf 86' lang='lat' dir='ltr'><strong>eludentes</strong></span> <span class='ocrx_word' id='word_1_317' title='bbox 1333 2277 1481 2309; x_wconf 74' lang='lat' dir='ltr'><strong>&#39;l&#39;emiris</strong></span> <span class='ocrx_word' id='word_1_318' title='bbox 1506 2276 1704 2314; x_wconf 84' lang='lat' dir='ltr'><strong>eonsilium,</strong></span> 
     </span>
     <span class='ocr_line' id='line_1_36' title="bbox 276 2322 1704 2367; baseline -0.004 -10"><span class='ocrx_word' id='word_1_319' title='bbox 276 2330 451 2357; x_wconf 76' lang='lat' dir='ltr'><strong>nocturno</strong></span> <span class='ocrx_word' id='word_1_320' title='bbox 489 2324 615 2356; x_wconf 87' lang='lat' dir='ltr'><strong>itinere</strong></span> <span class='ocrx_word' id='word_1_321' title='bbox 656 2323 808 2367; x_wconf 80' lang='lat' dir='ltr'><strong>profecti</strong></span> <span class='ocrx_word' id='word_1_322' title='bbox 846 2329 928 2356; x_wconf 90' lang='lat' dir='ltr'><strong>sunt</strong></span> <span class='ocrx_word' id='word_1_323' title='bbox 955 2335 972 2355; x_wconf 84' lang='lat' dir='ltr'><strong>a</strong></span> <span class='ocrx_word' id='word_1_324' title='bbox 1001 2324 1119 2356; x_wconf 83' lang='lat' dir='ltr'><strong>castris</strong></span> <span class='ocrx_word' id='word_1_325' title='bbox 1148 2325 1222 2356; x_wconf 88' lang='lat' dir='ltr'><strong>eius</strong></span> <span class='ocrx_word' id='word_1_326' title='bbox 1259 2322 1378 2355; x_wconf 82' lang='lat' dir='ltr'><strong>stadiis</strong></span> <span class='ocrx_word' id='word_1_327' title='bbox 1403 2322 1542 2354; x_wconf 85' lang='lat' dir='ltr'><strong>circiter</strong></span> <span class='ocrx_word' id='word_1_328' title='bbox 1564 2327 1704 2355; x_wconf 82' lang='lat' dir='ltr'><strong>centum</strong></span> 
     </span>
     <span class='ocr_line' id='line_1_37' title="bbox 275 2367 1707 2413; baseline -0.002 -12"><span class='ocrx_word' id='word_1_329' title='bbox 275 2376 312 2402; x_wconf 81' lang='lat' dir='ltr'><strong>et</strong></span> <span class='ocrx_word' id='word_1_330' title='bbox 339 2370 476 2413; x_wconf 82' lang='lat' dir='ltr'><strong>viginti.</strong></span> <span class='ocrx_word' id='word_1_331' title='bbox 524 2369 649 2402; x_wconf 80' lang='lat' dir='ltr'><strong>horum</strong></span> <span class='ocrx_word' id='word_1_332' title='bbox 677 2369 821 2412; x_wconf 79' lang='lat' dir='ltr'><strong>vestigia</strong></span> <span class='ocrx_word' id='word_1_333' title='bbox 847 2375 922 2402; x_wconf 90' lang='lat' dir='ltr'><strong>toto</strong></span> <span class='ocrx_word' id='word_1_334' title='bbox 950 2370 1008 2402; x_wconf 86' lang='lat' dir='ltr'><strong>die</strong></span> <span class='ocrx_word' id='word_1_335' title='bbox 1042 2375 1182 2402; x_wconf 83' lang='lat' dir='ltr'><strong>secutus</strong></span> <span class='ocrx_word' id='word_1_336' title='bbox 1209 2370 1379 2409; x_wconf 76' lang='lat' dir='ltr'><strong>&#39;semires‚</strong></span> <span class='ocrx_word' id='word_1_337' title='bbox 1405 2367 1544 2400; x_wconf 82' lang='lat' dir='ltr'><strong>tandem</strong></span> <span class='ocrx_word' id='word_1_338' title='bbox 1565 2378 1624 2399; x_wconf 73' lang='lat' dir='ltr'><strong>eos</strong></span> <span class='ocrx_word' id='word_1_339' title='bbox 1649 2378 1707 2399; x_wconf 83' lang='lat' dir='ltr'><strong>as—</strong></span> 
     </span>
     <span class='ocr_line' id='line_1_38' title="bbox 276 2412 1706 2460; baseline -0.003 -12"><span class='ocrx_word' id='word_1_340' title='bbox 276 2421 417 2448; x_wconf 87' lang='lat' dir='ltr'><strong>secutus</strong></span> <span class='ocrx_word' id='word_1_341' title='bbox 443 2421 506 2448; x_wconf 85' lang='lat' dir='ltr'><strong>est.</strong></span> <span class='ocrx_word' id='word_1_342' title='bbox 556 2414 852 2460; x_wconf 83' lang='lat' dir='ltr'><strong>quemadmodum</strong></span> <span class='ocrx_word' id='word_1_343' title='bbox 879 2416 986 2458; x_wconf 80' lang='lat' dir='ltr'><strong>igitur</strong></span> <span class='ocrx_word' id='word_1_344' title='bbox 1010 2422 1126 2454; x_wconf 83' lang='lat' dir='ltr'><strong>antea,</strong></span> <span class='ocrx_word' id='word_1_345' title='bbox 1145 2415 1195 2447; x_wconf 82' lang='lat' dir='ltr'><strong>sic</strong></span> <span class='ocrx_word' id='word_1_346' title='bbox 1219 2421 1255 2448; x_wconf 88' lang='lat' dir='ltr'><strong>et</strong></span> <span class='ocrx_word' id='word_1_347' title='bbox 1269 2424 1363 2446; x_wconf 86' lang='lat' dir='ltr'><strong>nunc</strong></span> <span class='ocrx_word' id='word_1_348' title='bbox 1387 2419 1494 2446; x_wconf 84' lang='lat' dir='ltr'><strong>noctu</strong></span> <span class='ocrx_word' id='word_1_349' title='bbox 1519 2412 1706 2445; x_wconf 80' lang='lat' dir='ltr'><strong>discedunt</strong></span> 
     </span>
     <span class='ocr_line' id='line_1_39' title="bbox 277 2459 1705 2506; baseline -0.003 -12"><span class='ocrx_word' id='word_1_350' title='bbox 277 2461 440 2504; x_wconf 81' lang='lat' dir='ltr'><strong>Scythae.</strong></span> <span class='ocrx_word' id='word_1_351' title='bbox 490 2462 610 2506; x_wconf 83' lang='lat' dir='ltr'><strong>itaque</strong></span> <span class='ocrx_word' id='word_1_352' title='bbox 639 2461 850 2505; x_wconf 80' lang='lat' dir='ltr'><strong>insequendi</strong></span> <span class='ocrx_word' id='word_1_353' title='bbox 890 2462 1006 2493; x_wconf 87' lang='lat' dir='ltr'><strong>studio</strong></span> <span class='ocrx_word' id='word_1_354' title='bbox 1046 2463 1196 2504; x_wconf 84' lang='lat' dir='ltr'><strong>graviter</strong></span> <span class='ocrx_word' id='word_1_355' title='bbox 1230 2459 1445 2504; x_wconf 85' lang='lat' dir='ltr'><strong>affligebatur</strong></span> <span class='ocrx_word' id='word_1_356' title='bbox 1467 2459 1614 2491; x_wconf 86' lang='lat' dir='ltr'><strong>Temiris</strong></span> <span class='ocrx_word' id='word_1_357' title='bbox 1643 2469 1705 2490; x_wconf 87' lang='lat' dir='ltr'><strong>ex-</strong></span> 
     </span>
     <span class='ocr_line' id='line_1_40' title="bbox 277 2506 1706 2551; baseline -0.003 -12"><span class='ocrx_word' id='word_1_358' title='bbox 277 2509 417 2540; x_wconf 88' lang='lat' dir='ltr'><strong>ercitus.</strong></span> <span class='ocrx_word' id='word_1_359' title='bbox 466 2507 549 2540; x_wconf 85' lang='lat' dir='ltr'><strong>hinc</strong></span> <span class='ocrx_word' id='word_1_360' title='bbox 573 2513 689 2540; x_wconf 87' lang='lat' dir='ltr'><strong>motus</strong></span> <span class='ocrx_word' id='word_1_361' title='bbox 716 2507 873 2539; x_wconf 69' lang='lat' dir='ltr'><strong>&#39;remites</strong></span> <span class='ocrx_word' id='word_1_362' title='bbox 889 2507 1095 2549; x_wconf 84' lang='lat' dir='ltr'><strong>Scytharum</strong></span> <span class='ocrx_word' id='word_1_363' title='bbox 1124 2518 1237 2551; x_wconf 82' lang='lat' dir='ltr'><strong>regem</strong></span> <span class='ocrx_word' id='word_1_364' title='bbox 1261 2507 1304 2539; x_wconf 87' lang='lat' dir='ltr'><strong>ad</strong></span> <span class='ocrx_word' id='word_1_365' title='bbox 1329 2506 1501 2551; x_wconf 88' lang='lat' dir='ltr'><strong>praelium</strong></span> <span class='ocrx_word' id='word_1_366' title='bbox 1527 2510 1706 2549; x_wconf 85' lang='lat' dir='ltr'><strong>provocat.</strong></span> 
     </span>
     <span class='ocr_line' id='line_1_41' title="bbox 277 2551 1708 2597; baseline -0.003 -11"><span class='ocrx_word' id='word_1_367' title='bbox 277 2553 428 2595; x_wconf 84' lang='lat' dir='ltr'><strong>Scythae</strong></span> <span class='ocrx_word' id='word_1_368' title='bbox 467 2559 579 2586; x_wconf 72' lang='lat' dir='ltr'><strong>castra</strong></span> <span class='ocrx_word' id='word_1_369' title='bbox 619 2553 777 2586; x_wconf 80' lang='lat' dir='ltr'><strong>locantes</strong></span> <span class='ocrx_word' id='word_1_370' title='bbox 815 2563 856 2585; x_wconf 93' lang='lat' dir='ltr'><strong>eo</strong></span> <span class='ocrx_word' id='word_1_371' title='bbox 892 2552 951 2584; x_wconf 90' lang='lat' dir='ltr'><strong>die</strong></span> <span class='ocrx_word' id='word_1_372' title='bbox 984 2555 1043 2596; x_wconf 90' lang='lat' dir='ltr'><strong>qui</strong></span> <span class='ocrx_word' id='word_1_373' title='bbox 1090 2553 1328 2597; x_wconf 81' lang='lat' dir='ltr'><strong>sequebatur,</strong></span> <span class='ocrx_word' id='word_1_374' title='bbox 1362 2551 1503 2584; x_wconf 83' lang='lat' dir='ltr'><strong>ordines</strong></span> <span class='ocrx_word' id='word_1_375' title='bbox 1529 2551 1708 2592; x_wconf 82' lang='lat' dir='ltr'><strong>explicant</strong></span> 
     </span>
     <span class='ocr_line' id='line_1_42' title="bbox 276 2596 1709 2644; baseline -0.003 -13"><span class='ocrx_word' id='word_1_376' title='bbox 276 2600 460 2644; x_wconf 87' lang='lat' dir='ltr'><strong>aciemque</strong></span> <span class='ocrx_word' id='word_1_377' title='bbox 497 2605 619 2632; x_wconf 85' lang='lat' dir='ltr'><strong>contra</strong></span> <span class='ocrx_word' id='word_1_378' title='bbox 643 2599 821 2632; x_wconf 85' lang='lat' dir='ltr'><strong>Temirem</strong></span> <span class='ocrx_word' id='word_1_379' title='bbox 864 2597 1041 2642; x_wconf 86' lang='lat' dir='ltr'><strong>dirigunt,</strong></span> <span class='ocrx_word' id='word_1_380' title='bbox 1067 2599 1103 2631; x_wconf 91' lang='lat' dir='ltr'><strong>in</strong></span> <span class='ocrx_word' id='word_1_381' title='bbox 1128 2604 1259 2631; x_wconf 78' lang='lat' dir='ltr'><strong>turmas</strong></span> <span class='ocrx_word' id='word_1_382' title='bbox 1286 2598 1440 2631; x_wconf 81' lang='lat' dir='ltr'><strong>conecti.</strong></span> <span class='ocrx_word' id='word_1_383' title='bbox 1489 2596 1647 2630; x_wconf 75' lang='lat' dir='ltr'><strong>Temires</strong></span> <span class='ocrx_word' id='word_1_384' title='bbox 1673 2601 1709 2628; x_wconf 88' lang='lat' dir='ltr'><strong>et</strong></span> 
     </span>
     <span class='ocr_line' id='line_1_43' title="bbox 276 2641 1707 2689; baseline -0.003 -12"><span class='ocrx_word' id='word_1_385' title='bbox 276 2646 353 2689; x_wconf 83' lang='lat' dir='ltr'><strong>ipse</strong></span> <span class='ocrx_word' id='word_1_386' title='bbox 378 2657 459 2678; x_wconf 88' lang='lat' dir='ltr'><strong>suos</strong></span> <span class='ocrx_word' id='word_1_387' title='bbox 496 2646 533 2678; x_wconf 88' lang='lat' dir='ltr'><strong>in</strong></span> <span class='ocrx_word' id='word_1_388' title='bbox 557 2647 667 2678; x_wconf 84' lang='lat' dir='ltr'><strong>aciem</strong></span> <span class='ocrx_word' id='word_1_389' title='bbox 693 2645 836 2678; x_wconf 83' lang='lat' dir='ltr'><strong>educit:</strong></span> <span class='ocrx_word' id='word_1_390' title='bbox 879 2644 989 2676; x_wconf 87' lang='lat' dir='ltr'><strong>aciem</strong></span> <span class='ocrx_word' id='word_1_391' title='bbox 1027 2644 1178 2677; x_wconf 87' lang='lat' dir='ltr'><strong>mediam</strong></span> <span class='ocrx_word' id='word_1_392' title='bbox 1206 2649 1356 2687; x_wconf 81' lang='lat' dir='ltr'><strong>occupat</strong></span> <span class='ocrx_word' id='word_1_393' title='bbox 1385 2647 1471 2688; x_wconf 78' lang='lat' dir='ltr'><strong>ipse.</strong></span> <span class='ocrx_word' id='word_1_394' title='bbox 1519 2642 1556 2675; x_wconf 87' lang='lat' dir='ltr'><strong>in</strong></span> <span class='ocrx_word' id='word_1_395' title='bbox 1584 2641 1707 2674; x_wconf 71' lang='lat' dir='ltr'><strong>dextro</strong></span> 
     </span>
     <span class='ocr_line' id='line_1_44' title="bbox 277 2687 1708 2735; baseline -0.003 -11"><span class='ocrx_word' id='word_1_396' title='bbox 277 2702 386 2725; x_wconf 85' lang='lat' dir='ltr'><strong>cornu</strong></span> <span class='ocrx_word' id='word_1_397' title='bbox 415 2691 624 2726; x_wconf 82' lang='lat' dir='ltr'><strong>Chaidarem</strong></span> <span class='ocrx_word' id='word_1_398' title='bbox 665 2703 741 2725; x_wconf 87' lang='lat' dir='ltr'><strong>cum</strong></span> <span class='ocrx_word' id='word_1_399' title='bbox 780 2691 983 2734; x_wconf 76' lang='lat' dir='ltr'><strong>Massagetis</strong></span> <span class='ocrx_word' id='word_1_400' title='bbox 1019 2690 1134 2735; x_wconf 88' lang='lat' dir='ltr'><strong>ponit.</strong></span> <span class='ocrx_word' id='word_1_401' title='bbox 1195 2691 1230 2723; x_wconf 90' lang='lat' dir='ltr'><strong>in</strong></span> <span class='ocrx_word' id='word_1_402' title='bbox 1268 2690 1407 2723; x_wconf 87' lang='lat' dir='ltr'><strong>sinistro</strong></span> <span class='ocrx_word' id='word_1_403' title='bbox 1450 2699 1558 2722; x_wconf 88' lang='lat' dir='ltr'><strong>cornu</strong></span> <span class='ocrx_word' id='word_1_404' title='bbox 1597 2687 1708 2720; x_wconf 79' lang='lat' dir='ltr'><strong>filium</strong></span> 
     </span>
    </p>
   </div>
  </div>
 </body>
</html>
