<?xml version="1.0" encoding="UTF-8"?>
<!DOCTYPE html PUBLIC "-//W3C//DTD XHTML 1.0 Transitional//EN"
    "http://www.w3.org/TR/xhtml1/DTD/xhtml1-transitional.dtd">
<html xmlns="http://www.w3.org/1999/xhtml" xml:lang="en" lang="en">
 <head>
  <title>
</title>
<meta http-equiv="Content-Type" content="text/html;charset=utf-8" />
  <meta name='ocr-system' content='tesseract 3.04.00' />
  <meta name='ocr-capabilities' content='ocr_page ocr_carea ocr_par ocr_line ocrx_word'/>
</head>
<body>
  <div class='ocr_page' id='page_1' title='image "./corpusscriptorum32niebuoft_0123.png"; bbox 0 0 1884 3178; ppageno 0'>
   <div class='ocr_carea' id='block_1_1' title="bbox 317 189 1633 233">
    <p class='ocr_par' dir='ltr' id='par_1_1' title="bbox 317 189 1633 233">
     <span class='ocr_line' id='line_1_1' title="bbox 317 189 1633 233; baseline -0.002 -1"><span class='ocrx_word' id='word_1_1' title='bbox 317 190 541 233; x_wconf 70' lang='lat' dir='ltr'><strong>LAONlCi</strong></span> <span class='ocrx_word' id='word_1_2' title='bbox 585 190 856 233; x_wconf 80' lang='lat' dir='ltr'>CHALCOC.</span> <span class='ocrx_word' id='word_1_3' title='bbox 886 192 958 231; x_wconf 85' lang='lat' dir='ltr'><strong>DE</strong></span> <span class='ocrx_word' id='word_1_4' title='bbox 984 191 1103 231; x_wconf 70' lang='grc' dir='ltr'>ΒΕΓ».</span> <span class='ocrx_word' id='word_1_5' title='bbox 1130 190 1295 233; x_wconf 86' lang='lat' dir='ltr'>TURC.</span> <span class='ocrx_word' id='word_1_6' title='bbox 1323 193 1460 232; x_wconf 69' lang='lat' dir='ltr'><strong>Lm.</strong></span> <span class='ocrx_word' id='word_1_7' title='bbox 1545 189 1633 230; x_wconf 79' lang='lat'><strong>111</strong></span> 
     </span>
    </p>
   </div>
   <div class='ocr_carea' id='block_1_2' title="bbox 106 300 1744 1619">
    <p class='ocr_par' dir='ltr' id='par_1_2' title="bbox 106 300 1744 1619">
     <span class='ocr_line' id='line_1_2' title="bbox 166 300 1637 359; baseline -0.003 -15"><span class='ocrx_word' id='word_1_8' title='bbox 166 302 307 359; x_wconf 69' lang='grc' dir='ltr'>ἀρχὴν</span> <span class='ocrx_word' id='word_1_9' title='bbox 337 303 539 358; x_wconf 76' lang='grc' dir='ltr'>πάροδος,</span> <span class='ocrx_word' id='word_1_10' title='bbox 570 306 643 344; x_wconf 82' lang='grc' dir='ltr'><strong><em>καί</em></strong></span> <span class='ocrx_word' id='word_1_11' title='bbox 671 302 730 351; x_wconf 75' lang='grc' dir='ltr'><strong>ὥς</strong></span> <span class='ocrx_word' id='word_1_12' title='bbox 755 301 830 344; x_wconf 81' lang='grc' dir='ltr'><strong>τὸν</strong></span> <span class='ocrx_word' id='word_1_13' title='bbox 859 304 939 355; x_wconf 86' lang='grc' dir='ltr'><strong>μὲν</strong></span> <span class='ocrx_word' id='word_1_14' title='bbox 974 303 1169 355; x_wconf 76' lang='grc' dir='ltr'>πολεμῶν</span> <span class='ocrx_word' id='word_1_15' title='bbox 1195 301 1250 343; x_wconf 79' lang='grc' dir='ltr'><strong>τὰ</strong></span> <span class='ocrx_word' id='word_1_16' title='bbox 1282 303 1330 344; x_wconf 82' lang='grc' dir='ltr'><strong>δὲ</strong></span> <span class='ocrx_word' id='word_1_17' title='bbox 1358 303 1433 344; x_wconf 82' lang='grc' dir='ltr'>καί</span> <span class='ocrx_word' id='word_1_18' title='bbox 1460 300 1637 343; x_wconf 78' lang='grc' dir='ltr'>σπενδό-</span> 
     </span>
     <span class='ocr_line' id='line_1_3' title="bbox 164 364 1639 426; baseline -0.002 -16"><span class='ocrx_word' id='word_1_19' title='bbox 164 385 289 424; x_wconf 80' lang='grc' dir='ltr'><em>μενος</em></span> <span class='ocrx_word' id='word_1_20' title='bbox 317 371 404 411; x_wconf 83' lang='grc' dir='ltr'>δέει</span> <span class='ocrx_word' id='word_1_21' title='bbox 445 371 502 426; x_wconf 75' lang='grc' dir='ltr'><strong>τῷ</strong></span> <span class='ocrx_word' id='word_1_22' title='bbox 531 368 642 425; x_wconf 75' lang='grc' dir='ltr'><strong><em>ἄμφ’</em></strong></span> <span class='ocrx_word' id='word_1_23' title='bbox 686 365 820 410; x_wconf 80' lang='grc' dir='ltr'>αὗτὸν</span> <span class='ocrx_word' id='word_1_24' title='bbox 859 365 1084 421; x_wconf 73' lang='grc' dir='ltr'><strong><em>ξύμπασαι»</em></strong></span> <span class='ocrx_word' id='word_1_25' title='bbox 1130 364 1370 423; x_wconf 73' lang='grc' dir='ltr'>ὖπηγάγετο</span> <span class='ocrx_word' id='word_1_26' title='bbox 1400 365 1537 423; x_wconf 73' lang='grc' dir='ltr'>ἑαυτῷ</span> <span class='ocrx_word' id='word_1_27' title='bbox 1563 364 1639 421; x_wconf 63' lang='grc' dir='ltr'><strong>τήν</strong></span> 
     </span>
     <span class='ocr_line' id='line_1_4' title="bbox 164 429 1744 492; baseline -0.004 -13"><span class='ocrx_word' id='word_1_28' title='bbox 164 435 329 484; x_wconf 69' lang='grc' dir='ltr'>Ἀσίαν,</span> <span class='ocrx_word' id='word_1_29' title='bbox 357 429 443 477; x_wconf 74' lang='grc' dir='ltr'><strong>ὦδε</strong></span> <span class='ocrx_word' id='word_1_30' title='bbox 471 435 590 492; x_wconf 70' lang='grc' dir='ltr'><strong>αὐτῷ</strong></span> <span class='ocrx_word' id='word_1_31' title='bbox 621 436 832 489; x_wconf 77' lang='grc' dir='ltr'>ξυμβῆναι</span> <span class='ocrx_word' id='word_1_32' title='bbox 860 432 1129 486; x_wconf 74' lang='grc' dir='ltr'><em>ἐπυθόμεθα.</em></span> <span class='ocrx_word' id='word_1_33' title='bbox 1652 444 1683 477; x_wconf 83' lang='grc' dir='ltr'><strong>Ρ.</strong></span> <span class='ocrx_word' id='word_1_34' title='bbox 1700 443 1744 476; x_wconf 83' lang='grc'><strong>59</strong></span> 
     </span>
     <span class='ocr_line' id='line_1_5' title="bbox 280 495 1635 556; baseline -0.001 -13"><span class='ocrx_word' id='word_1_35' title='bbox 280 497 412 551; x_wconf 73' lang='grc' dir='ltr'>Οὗτος</span> <span class='ocrx_word' id='word_1_36' title='bbox 443 503 522 555; x_wconf 81' lang='grc' dir='ltr'><strong>μὲν</strong></span> <span class='ocrx_word' id='word_1_37' title='bbox 550 500 602 556; x_wconf 76' lang='grc' dir='ltr'><em>δὴ</em></span> <span class='ocrx_word' id='word_1_38' title='bbox 633 497 654 542; x_wconf 82' lang='grc' dir='ltr'><strong><em>ὃ</em></strong></span> <span class='ocrx_word' id='word_1_39' title='bbox 690 498 885 555; x_wconf 80' lang='grc' dir='ltr'>Τεμήρης</span> <span class='ocrx_word' id='word_1_40' title='bbox 914 501 1075 554; x_wconf 79' lang='grc' dir='ltr'>ἐγένετο</span> <span class='ocrx_word' id='word_1_41' title='bbox 1105 498 1268 554; x_wconf 80' lang='grc' dir='ltr'>πατρὸς</span> <span class='ocrx_word' id='word_1_42' title='bbox 1293 498 1533 555; x_wconf 76' lang='grc' dir='ltr'><strong>Σαγγὰλεω,</strong></span> <span class='ocrx_word' id='word_1_43' title='bbox 1563 495 1635 541; x_wconf 77' lang='grc' dir='ltr'><strong>ἆν-</strong></span> 
     </span>
     <span class='ocr_line' id='line_1_6' title="bbox 130 563 1638 622; baseline -0.001 -14"><span class='ocrx_word' id='word_1_44' title='bbox 130 567 264 622; x_wconf 80' lang='grc' dir='ltr'>5δρός</span> <span class='ocrx_word' id='word_1_45' title='bbox 294 566 490 621; x_wconf 78' lang='grc' dir='ltr'><em>ἰδιώτου,</em></span> <span class='ocrx_word' id='word_1_46' title='bbox 532 563 580 616; x_wconf 79' lang='grc' dir='ltr'><strong>ὃς</strong></span> <span class='ocrx_word' id='word_1_47' title='bbox 610 568 706 609; x_wconf 79' lang='grc' dir='ltr'>ἐπεί</span> <span class='ocrx_word' id='word_1_48' title='bbox 729 582 775 608; x_wconf 84' lang='grc' dir='ltr'><strong>τε</strong></span> <span class='ocrx_word' id='word_1_49' title='bbox 807 565 986 621; x_wconf 78' lang='grc' dir='ltr'><em>ἠγάγετο</em></span> <span class='ocrx_word' id='word_1_50' title='bbox 1016 565 1092 620; x_wconf 70' lang='grc' dir='ltr'><strong>τὴν</strong></span> <span class='ocrx_word' id='word_1_51' title='bbox 1121 573 1304 621; x_wconf 77' lang='grc' dir='ltr'>γυναῖκα</span> <span class='ocrx_word' id='word_1_52' title='bbox 1334 566 1492 622; x_wconf 74' lang='grc' dir='ltr'>αὐτοῦ,</span> <span class='ocrx_word' id='word_1_53' title='bbox 1523 568 1638 620; x_wconf 79' lang='grc' dir='ltr'>λέγε·</span> 
     </span>
     <span class='ocr_line' id='line_1_7' title="bbox 164 630 1640 691; baseline -0.001 -14"><span class='ocrx_word' id='word_1_54' title='bbox 164 651 236 677; x_wconf 88' lang='grc' dir='ltr'>ται</span> <span class='ocrx_word' id='word_1_55' title='bbox 267 635 477 690; x_wconf 76' lang='grc' dir='ltr'>ξυμβῆναι</span> <span class='ocrx_word' id='word_1_56' title='bbox 506 634 625 691; x_wconf 68' lang='grc' dir='ltr'><strong>αύτῷ</strong></span> <span class='ocrx_word' id='word_1_57' title='bbox 653 633 829 678; x_wconf 84' lang='grc' dir='ltr'>τοιόνδε.</span> <span class='ocrx_word' id='word_1_58' title='bbox 870 630 928 682; x_wconf 77' lang='grc' dir='ltr'><strong>ὥς</strong></span> <span class='ocrx_word' id='word_1_59' title='bbox 954 634 1118 686; x_wconf 80' lang='grc' dir='ltr'>ἐγένετο</span> <span class='ocrx_word' id='word_1_60' title='bbox 1154 635 1359 687; x_wconf 74' lang='grc' dir='ltr'><strong>Τεμήρης,</strong></span> <span class='ocrx_word' id='word_1_61' title='bbox 1388 632 1463 687; x_wconf 84' lang='grc' dir='ltr'><strong>τήν</strong></span> <span class='ocrx_word' id='word_1_62' title='bbox 1493 647 1537 675; x_wconf 81' lang='grc' dir='ltr'><strong>τε</strong></span> <span class='ocrx_word' id='word_1_63' title='bbox 1566 633 1640 686; x_wconf 74' lang='grc' dir='ltr'><strong>τῆς</strong></span> 
     </span>
     <span class='ocr_line' id='line_1_8' title="bbox 165 696 1640 756; baseline 0 -14"><span class='ocrx_word' id='word_1_64' title='bbox 165 702 325 752; x_wconf 82' lang='grc' dir='ltr'>πόλεως</span> <span class='ocrx_word' id='word_1_65' title='bbox 370 701 537 756; x_wconf 71' lang='grc' dir='ltr'>φορβὴν</span> <span class='ocrx_word' id='word_1_66' title='bbox 577 701 933 753; x_wconf 78' lang='grc' dir='ltr'><strong><em>ἐπιτετραμμένος</em></strong></span> <span class='ocrx_word' id='word_1_67' title='bbox 975 698 1243 756; x_wconf 80' lang='grc' dir='ltr'>ἱπποφορβός</span> <span class='ocrx_word' id='word_1_68' title='bbox 1283 715 1328 742; x_wconf 85' lang='grc' dir='ltr'><strong>τε</strong></span> <span class='ocrx_word' id='word_1_69' title='bbox 1361 696 1424 754; x_wconf 74' lang='grc' dir='ltr'><strong>ἦν,</strong></span> <span class='ocrx_word' id='word_1_70' title='bbox 1453 701 1527 741; x_wconf 84' lang='grc' dir='ltr'><em>καί</em></span> <span class='ocrx_word' id='word_1_71' title='bbox 1553 707 1640 750; x_wconf 80' lang='grc' dir='ltr'><strong>τοῖς</strong></span> 
     </span>
     <span class='ocr_line' id='line_1_9' title="bbox 164 764 1639 822; baseline -0.003 -11"><span class='ocrx_word' id='word_1_72' title='bbox 164 783 211 811; x_wconf 79' lang='grc' dir='ltr'><strong>τε</strong></span> <span class='ocrx_word' id='word_1_73' title='bbox 240 769 339 821; x_wconf 78' lang='grc' dir='ltr'>περί</span> <span class='ocrx_word' id='word_1_74' title='bbox 369 766 478 810; x_wconf 78' lang='grc' dir='ltr'>αὐτοὶ</span> <span class='ocrx_word' id='word_1_75' title='bbox 511 766 563 822; x_wconf 80' lang='grc' dir='ltr'><em>δὴ</em></span> <span class='ocrx_word' id='word_1_76' title='bbox 595 766 647 808; x_wconf 80' lang='grc' dir='ltr'><strong>τὰ</strong></span> <span class='ocrx_word' id='word_1_77' title='bbox 676 768 815 821; x_wconf 78' lang='grc' dir='ltr'>χωρία</span> <span class='ocrx_word' id='word_1_78' title='bbox 839 764 914 815; x_wconf 75' lang='grc' dir='ltr'><strong>τὰς</strong></span> <span class='ocrx_word' id='word_1_79' title='bbox 939 765 1107 821; x_wconf 78' lang='grc' dir='ltr'>φορβοὶς</span> <span class='ocrx_word' id='word_1_80' title='bbox 1135 765 1455 819; x_wconf 77' lang='grc' dir='ltr'>ἐπινεμομένοις</span> <span class='ocrx_word' id='word_1_81' title='bbox 1481 766 1639 808; x_wconf 80' lang='grc' dir='ltr'>συνιών</span> 
     </span>
     <span class='ocr_line' id='line_1_10' title="bbox 163 831 1637 888; baseline -0.003 -12"><span class='ocrx_word' id='word_1_82' title='bbox 163 850 210 876; x_wconf 82' lang='grc' dir='ltr'><strong>τε</strong></span> <span class='ocrx_word' id='word_1_83' title='bbox 237 834 309 876; x_wconf 85' lang='grc' dir='ltr'>καί</span> <span class='ocrx_word' id='word_1_84' title='bbox 335 831 631 888; x_wconf 75' lang='grc' dir='ltr'>διαλεγόμενος</span> <span class='ocrx_word' id='word_1_85' title='bbox 657 835 858 874; x_wconf 75' lang='grc' dir='ltr'><strong><em>συνέθετο</em></strong></span> <span class='ocrx_word' id='word_1_86' title='bbox 888 832 1048 888; x_wconf 73' lang='grc' dir='ltr'>αὐτοῖς,</span> <span class='ocrx_word' id='word_1_87' title='bbox 1080 833 1139 882; x_wconf 78' lang='grc' dir='ltr'><strong>ὥς</strong></span> <span class='ocrx_word' id='word_1_88' title='bbox 1176 832 1259 874; x_wconf 86' lang='grc' dir='ltr'><strong>α’πὸ</strong></span> <span class='ocrx_word' id='word_1_89' title='bbox 1291 834 1446 887; x_wconf 75' lang='grc' dir='ltr'>κλοπῆς</span> <span class='ocrx_word' id='word_1_90' title='bbox 1472 834 1637 888; x_wconf 76' lang='grc' dir='ltr'>σφίσιν,</span> 
     </span>
     <span class='ocr_line' id='line_1_11' title="bbox 108 895 1638 958; baseline 0 -19"><span class='ocrx_word' id='word_1_91' title='bbox 108 903 151 939; x_wconf 84' lang='grc'><strong>10</strong></span> <span class='ocrx_word' id='word_1_92' title='bbox 165 897 214 958; x_wconf 73' lang='grc' dir='ltr'><strong>ἢν</strong></span> <span class='ocrx_word' id='word_1_93' title='bbox 243 902 473 955; x_wconf 74' lang='grc' dir='ltr'><em>δύνωνται,</em></span> <span class='ocrx_word' id='word_1_94' title='bbox 512 899 746 955; x_wconf 81' lang='grc' dir='ltr'><em>χρημάτων</em></span> <span class='ocrx_word' id='word_1_95' title='bbox 783 901 931 954; x_wconf 81' lang='grc' dir='ltr'>κτῆσιν</span> <span class='ocrx_word' id='word_1_96' title='bbox 961 897 1226 954; x_wconf 83' lang='grc' dir='ltr'>ποιησόμενοι</span> <span class='ocrx_word' id='word_1_97' title='bbox 1275 901 1338 942; x_wconf 81' lang='grc' dir='ltr'><strong>ἐπ’</strong></span> <span class='ocrx_word' id='word_1_98' title='bbox 1387 895 1517 954; x_wconf 75' lang='grc' dir='ltr'><em>ἄλλην</em></span> <span class='ocrx_word' id='word_1_99' title='bbox 1540 896 1638 940; x_wconf 82' lang='grc' dir='ltr'><em>ἴωσι</em></span> 
     </span>
     <span class='ocr_line' id='line_1_12' title="bbox 159 963 1638 1022; baseline -0.002 -13"><span class='ocrx_word' id='word_1_100' title='bbox 159 966 334 1022; x_wconf 69' lang='grc' dir='ltr'>χώραν·</span> <span class='ocrx_word' id='word_1_101' title='bbox 402 965 476 1008; x_wconf 80' lang='grc' dir='ltr'><strong><em>καί</em></strong></span> <span class='ocrx_word' id='word_1_102' title='bbox 515 965 653 1015; x_wconf 84' lang='grc' dir='ltr'>δεινὸς</span> <span class='ocrx_word' id='word_1_103' title='bbox 692 967 884 1008; x_wconf 80' lang='grc' dir='ltr'><strong><em>κλέπτειν</em></strong></span> <span class='ocrx_word' id='word_1_104' title='bbox 922 963 1144 1018; x_wconf 73' lang='grc' dir='ltr'>γενόμενος</span> <span class='ocrx_word' id='word_1_105' title='bbox 1178 966 1332 1015; x_wconf 80' lang='grc' dir='ltr'>ἵππους</span> <span class='ocrx_word' id='word_1_106' title='bbox 1359 981 1404 1008; x_wconf 86' lang='grc' dir='ltr'><strong>τε</strong></span> <span class='ocrx_word' id='word_1_107' title='bbox 1433 967 1508 1007; x_wconf 76' lang='grc' dir='ltr'><strong>καί</strong></span> <span class='ocrx_word' id='word_1_108' title='bbox 1532 964 1638 1007; x_wconf 79' lang='grc' dir='ltr'>ὑπο·</span> 
     </span>
     <span class='ocr_line' id='line_1_13' title="bbox 164 1026 1638 1087; baseline -0.001 -13"><span class='ocrx_word' id='word_1_109' title='bbox 164 1031 286 1087; x_wconf 78' lang='grc' dir='ltr'>ζύγια</span> <span class='ocrx_word' id='word_1_110' title='bbox 319 1031 394 1075; x_wconf 82' lang='grc' dir='ltr'><em>καί</em></span> <span class='ocrx_word' id='word_1_111' title='bbox 419 1032 642 1087; x_wconf 82' lang='grc' dir='ltr'>προβάτων</span> <span class='ocrx_word' id='word_1_112' title='bbox 672 1034 835 1086; x_wconf 77' lang='grc' dir='ltr'>πλῆθος</span> <span class='ocrx_word' id='word_1_113' title='bbox 862 1033 1119 1086; x_wconf 79' lang='grc' dir='ltr'>ἐδηδοκέναι.</span> <span class='ocrx_word' id='word_1_114' title='bbox 1179 1030 1305 1074; x_wconf 70' lang='grc' dir='ltr'>οῦδὲν</span> <span class='ocrx_word' id='word_1_115' title='bbox 1324 1031 1443 1086; x_wconf 73' lang='grc' dir='ltr'>ὑγιὲς</span> <span class='ocrx_word' id='word_1_116' title='bbox 1469 1026 1520 1087; x_wconf 79' lang='grc' dir='ltr'><strong>ἦν</strong></span> <span class='ocrx_word' id='word_1_117' title='bbox 1553 1031 1638 1073; x_wconf 79' lang='grc' dir='ltr'><strong>αὖ-</strong></span> 
     </span>
     <span class='ocr_line' id='line_1_14' title="bbox 162 1097 1637 1155; baseline -0.002 -13"><span class='ocrx_word' id='word_1_118' title='bbox 162 1102 242 1142; x_wconf 81' lang='grc' dir='ltr'>τοῦ</span> <span class='ocrx_word' id='word_1_119' title='bbox 269 1099 316 1142; x_wconf 78' lang='grc' dir='ltr'><strong>τὸ</strong></span> <span class='ocrx_word' id='word_1_120' title='bbox 348 1099 565 1155; x_wconf 80' lang='grc' dir='ltr'>παράπαν.</span> <span class='ocrx_word' id='word_1_121' title='bbox 636 1099 715 1141; x_wconf 77' lang='grc' dir='ltr'><strong>καί</strong></span> <span class='ocrx_word' id='word_1_122' title='bbox 733 1114 834 1140; x_wconf 84' lang='grc' dir='ltr'>ποτε</span> <span class='ocrx_word' id='word_1_123' title='bbox 872 1098 946 1141; x_wconf 71' lang='grc' dir='ltr'><strong>ἐπὶ</strong></span> <span class='ocrx_word' id='word_1_124' title='bbox 984 1097 1179 1153; x_wconf 76' lang='grc' dir='ltr'><em>μάνδραν</em></span> <span class='ocrx_word' id='word_1_125' title='bbox 1219 1101 1382 1152; x_wconf 82' lang='grc' dir='ltr'>λέγεται</span> <span class='ocrx_word' id='word_1_126' title='bbox 1416 1098 1637 1152; x_wconf 80' lang='grc' dir='ltr'>α’ναβῆναι,</span> 
     </span>
     <span class='ocr_line' id='line_1_15' title="bbox 163 1161 1675 1224; baseline 0 -16"><span class='ocrx_word' id='word_1_127' title='bbox 163 1166 237 1208; x_wconf 80' lang='grc' dir='ltr'><strong><em>καί</em></strong></span> <span class='ocrx_word' id='word_1_128' title='bbox 252 1162 451 1222; x_wconf 71' lang='grc' dir='ltr'><strong>’ὀφθέντα</strong></span> <span class='ocrx_word' id='word_1_129' title='bbox 481 1166 566 1207; x_wconf 75' lang='grc' dir='ltr'><strong>ὑπὸ</strong></span> <span class='ocrx_word' id='word_1_130' title='bbox 596 1167 681 1208; x_wconf 80' lang='grc' dir='ltr'><strong>τῶν</strong></span> <span class='ocrx_word' id='word_1_131' title='bbox 702 1167 920 1208; x_wconf 75' lang='grc' dir='ltr'><strong>δεσποτῶν</strong></span> <span class='ocrx_word' id='word_1_132' title='bbox 949 1169 1025 1208; x_wconf 82' lang='grc' dir='ltr'><strong>τοῦ</strong></span> <span class='ocrx_word' id='word_1_133' title='bbox 1052 1163 1170 1207; x_wconf 83' lang='grc' dir='ltr'>οἴκου</span> <span class='ocrx_word' id='word_1_134' title='bbox 1202 1162 1411 1224; x_wconf 73' lang='grc' dir='ltr'>ἅλλεσθαι</span> <span class='ocrx_word' id='word_1_135' title='bbox 1436 1163 1487 1219; x_wconf 73' lang='grc' dir='ltr'><em>δὴ</em></span> <span class='ocrx_word' id='word_1_136' title='bbox 1519 1161 1675 1217; x_wconf 75' lang='grc' dir='ltr'>ἅλμαΒ</span> 
     </span>
     <span class='ocr_line' id='line_1_16' title="bbox 107 1229 1637 1287; baseline -0.002 -12"><span class='ocrx_word' id='word_1_137' title='bbox 107 1236 357 1287; x_wconf 78' lang='grc' dir='ltr'>15μέγιστον</span> <span class='ocrx_word' id='word_1_138' title='bbox 388 1231 470 1274; x_wconf 81' lang='grc' dir='ltr'><strong>α’πό</strong></span> <span class='ocrx_word' id='word_1_139' title='bbox 509 1234 584 1274; x_wconf 78' lang='grc' dir='ltr'><strong>τοῦ</strong></span> <span class='ocrx_word' id='word_1_140' title='bbox 624 1235 794 1286; x_wconf 79' lang='grc' dir='ltr'>τείχους</span> <span class='ocrx_word' id='word_1_141' title='bbox 832 1235 909 1287; x_wconf 79' lang='grc' dir='ltr'><strong>τῆς</strong></span> <span class='ocrx_word' id='word_1_142' title='bbox 953 1231 1148 1285; x_wconf 78' lang='grc' dir='ltr'>μάνδρας</span> <span class='ocrx_word' id='word_1_143' title='bbox 1171 1233 1216 1281; x_wconf 79' lang='grc' dir='ltr'><strong>ἐς</strong></span> <span class='ocrx_word' id='word_1_144' title='bbox 1255 1230 1332 1286; x_wconf 83' lang='grc' dir='ltr'><strong>τὴν</strong></span> <span class='ocrx_word' id='word_1_145' title='bbox 1357 1233 1456 1286; x_wconf 74' lang='grc' dir='ltr'><strong>γῆν·</strong></span> <span class='ocrx_word' id='word_1_146' title='bbox 1512 1229 1568 1273; x_wconf 62' lang='grc' dir='ltr'>«ια’</span> <span class='ocrx_word' id='word_1_147' title='bbox 1594 1246 1637 1272; x_wconf 76' lang='grc' dir='ltr'><strong>τε</strong></span> 
     </span>
     <span class='ocr_line' id='line_1_17' title="bbox 163 1296 1638 1355; baseline -0.001 -15"><span class='ocrx_word' id='word_1_148' title='bbox 163 1298 244 1354; x_wconf 79' lang='grc' dir='ltr'><strong>γὰρ</strong></span> <span class='ocrx_word' id='word_1_149' title='bbox 276 1297 488 1354; x_wconf 73' lang='grc' dir='ltr'>ὑποζύγια</span> <span class='ocrx_word' id='word_1_150' title='bbox 519 1300 594 1340; x_wconf 81' lang='grc' dir='ltr'><em>καί</em></span> <span class='ocrx_word' id='word_1_151' title='bbox 621 1297 750 1354; x_wconf 84' lang='grc' dir='ltr'><em>κτήνη</em></span> <span class='ocrx_word' id='word_1_152' title='bbox 779 1301 823 1341; x_wconf 81' lang='grc' dir='ltr'><strong>ἐν</strong></span> <span class='ocrx_word' id='word_1_153' title='bbox 866 1301 967 1355; x_wconf 80' lang='grc' dir='ltr'>τῇδε</span> <span class='ocrx_word' id='word_1_154' title='bbox 997 1301 1049 1355; x_wconf 82' lang='grc' dir='ltr'><strong>τῇ</strong></span> <span class='ocrx_word' id='word_1_155' title='bbox 1074 1300 1198 1355; x_wconf 76' lang='grc' dir='ltr'>χαῖρᾳ</span> <span class='ocrx_word' id='word_1_156' title='bbox 1228 1296 1527 1352; x_wconf 76' lang='grc' dir='ltr'>περιβάλλεται</span> <span class='ocrx_word' id='word_1_157' title='bbox 1555 1300 1638 1338; x_wconf 69' lang='grc' dir='ltr'><strong>τεί-</strong></span> 
     </span>
     <span class='ocr_line' id='line_1_18' title="bbox 162 1361 1637 1420; baseline -0.001 -14"><span class='ocrx_word' id='word_1_158' title='bbox 162 1381 246 1420; x_wconf 78' lang='grc' dir='ltr'>χει,</span> <span class='ocrx_word' id='word_1_159' title='bbox 279 1365 335 1414; x_wconf 77' lang='grc' dir='ltr'><strong>ὠς</strong></span> <span class='ocrx_word' id='word_1_160' title='bbox 362 1366 540 1419; x_wconf 80' lang='grc' dir='ltr'>μέγιστα</span> <span class='ocrx_word' id='word_1_161' title='bbox 570 1361 679 1406; x_wconf 80' lang='grc' dir='ltr'>εἶναι</span> <span class='ocrx_word' id='word_1_162' title='bbox 712 1364 786 1406; x_wconf 82' lang='grc' dir='ltr'>καί</span> <span class='ocrx_word' id='word_1_163' title='bbox 810 1364 870 1420; x_wconf 75' lang='grc' dir='ltr'><strong>μὴ</strong></span> <span class='ocrx_word' id='word_1_164' title='bbox 901 1365 1111 1418; x_wconf 79' lang='grc' dir='ltr'>α’ναβῆναι</span> <span class='ocrx_word' id='word_1_165' title='bbox 1140 1366 1307 1418; x_wconf 70' lang='grc' dir='ltr'>εὐπετῆ.</span> <span class='ocrx_word' id='word_1_166' title='bbox 1366 1363 1423 1414; x_wconf 75' lang='grc' dir='ltr'><strong>ὥς</strong></span> <span class='ocrx_word' id='word_1_167' title='bbox 1450 1365 1496 1405; x_wconf 79' lang='grc' dir='ltr'><strong>δὲ</strong></span> <span class='ocrx_word' id='word_1_168' title='bbox 1528 1361 1637 1418; x_wconf 77' lang='grc' dir='ltr'>ἥλα-</span> 
     </span>
     <span class='ocr_line' id='line_1_19' title="bbox 164 1428 1633 1488; baseline -0.002 -15"><span class='ocrx_word' id='word_1_169' title='bbox 164 1445 225 1483; x_wconf 86' lang='grc' dir='ltr'><strong>το,</strong></span> <span class='ocrx_word' id='word_1_170' title='bbox 259 1430 530 1486; x_wconf 77' lang='grc' dir='ltr'>ἐπιτριβῆναί</span> <span class='ocrx_word' id='word_1_171' title='bbox 555 1447 601 1474; x_wconf 87' lang='grc' dir='ltr'><strong>τε</strong></span> <span class='ocrx_word' id='word_1_172' title='bbox 638 1430 757 1488; x_wconf 64' lang='grc' dir='ltr'><strong>αύτῷ</strong></span> <span class='ocrx_word' id='word_1_173' title='bbox 795 1429 864 1472; x_wconf 82' lang='grc' dir='ltr'><strong>τὸν</strong></span> <span class='ocrx_word' id='word_1_174' title='bbox 896 1431 1039 1486; x_wconf 79' lang='grc' dir='ltr'>πόδα,</span> <span class='ocrx_word' id='word_1_175' title='bbox 1081 1430 1155 1472; x_wconf 84' lang='grc' dir='ltr'><em>καί</em></span> <span class='ocrx_word' id='word_1_176' title='bbox 1187 1429 1327 1485; x_wconf 83' lang='grc' dir='ltr'><em>χωλὸν</em></span> <span class='ocrx_word' id='word_1_177' title='bbox 1365 1433 1563 1485; x_wconf 77' lang='grc' dir='ltr'>γενέσθαι</span> <span class='ocrx_word' id='word_1_178' title='bbox 1589 1428 1633 1471; x_wconf 80' lang='grc' dir='ltr'><strong>τὸ</strong></span> 
     </span>
     <span class='ocr_line' id='line_1_20' title="bbox 162 1494 1637 1557; baseline -0.002 -17"><span class='ocrx_word' id='word_1_179' title='bbox 162 1496 248 1540; x_wconf 79' lang='grc' dir='ltr'><strong>α’πὸ</strong></span> <span class='ocrx_word' id='word_1_180' title='bbox 279 1499 420 1540; x_wconf 82' lang='grc' dir='ltr'>τοῦδε.</span> <span class='ocrx_word' id='word_1_181' title='bbox 478 1500 643 1557; x_wconf 63' lang='grc' dir='ltr'>λέγεται</span> <span class='ocrx_word' id='word_1_182' title='bbox 682 1500 761 1550; x_wconf 81' lang='grc' dir='ltr'><strong>μὲν</strong></span> <span class='ocrx_word' id='word_1_183' title='bbox 788 1494 863 1539; x_wconf 77' lang='grc' dir='ltr'><strong>οὖν</strong></span> <span class='ocrx_word' id='word_1_184' title='bbox 899 1498 956 1546; x_wconf 78' lang='grc' dir='ltr'><strong>ὥς</strong></span> <span class='ocrx_word' id='word_1_185' title='bbox 983 1496 1227 1552; x_wconf 83' lang='grc' dir='ltr'>μαχόμενον</span> <span class='ocrx_word' id='word_1_186' title='bbox 1258 1499 1469 1552; x_wconf 77' lang='grc' dir='ltr'>πληγῆναί</span> <span class='ocrx_word' id='word_1_187' title='bbox 1489 1513 1532 1538; x_wconf 86' lang='grc' dir='ltr'><strong>τε</strong></span> <span class='ocrx_word' id='word_1_188' title='bbox 1562 1495 1637 1537; x_wconf 83' lang='grc' dir='ltr'><strong>τὸν</strong></span> 
     </span>
     <span class='ocr_line' id='line_1_21' title="bbox 106 1562 1635 1619; baseline -0.001 -12"><span class='ocrx_word' id='word_1_189' title='bbox 106 1567 152 1603; x_wconf 82' lang='lat'><strong>20</strong></span> <span class='ocrx_word' id='word_1_190' title='bbox 165 1565 270 1607; x_wconf 86' lang='grc' dir='ltr'>πόδα</span> <span class='ocrx_word' id='word_1_191' title='bbox 306 1567 379 1607; x_wconf 78' lang='grc' dir='ltr'><strong>καί</strong></span> <span class='ocrx_word' id='word_1_192' title='bbox 403 1565 650 1619; x_wconf 76' lang='grc' dir='ltr'>χωλεύοντα</span> <span class='ocrx_word' id='word_1_193' title='bbox 683 1565 954 1618; x_wconf 74' lang='grc' dir='ltr'>διαγενέσθαι</span> <span class='ocrx_word' id='word_1_194' title='bbox 972 1562 1022 1606; x_wconf 87' lang='grc' dir='ltr'><strong>τὸ</strong></span> <span class='ocrx_word' id='word_1_195' title='bbox 1053 1566 1262 1606; x_wconf 72' lang='grc' dir='ltr'>ἐντεῦθεν.</span> <span class='ocrx_word' id='word_1_196' title='bbox 1320 1563 1462 1619; x_wconf 82' lang='grc' dir='ltr'><strong><em>μάχης</em></strong></span> <span class='ocrx_word' id='word_1_197' title='bbox 1492 1565 1538 1606; x_wconf 84' lang='grc' dir='ltr'><strong>δὲ</strong></span> <span class='ocrx_word' id='word_1_198' title='bbox 1568 1580 1635 1618; x_wconf 73' lang='grc' dir='ltr'><strong>γε-</strong></span> 
     </span>
    </p>
   </div>
   <div class='ocr_carea' id='block_1_3' title="bbox 257 1677 1635 1823">
    <p class='ocr_par' dir='ltr' id='par_1_3' title="bbox 257 1677 1635 1823">
     <span class='ocr_line' id='line_1_22' title="bbox 257 1677 1635 1730; baseline -0.002 -14"><span class='ocrx_word' id='word_1_199' title='bbox 257 1682 291 1716; x_wconf 81' lang='grc'><strong>4.</strong></span> <span class='ocrx_word' id='word_1_200' title='bbox 317 1684 431 1730; x_wconf 79' lang='grc' dir='ltr'>πατρὶ</span> <span class='ocrx_word' id='word_1_201' title='bbox 455 1682 497 1715; x_wconf 85' lang='grc' dir='ltr'><strong>Ρ;</strong></span> <span class='ocrx_word' id='word_1_202' title='bbox 527 1693 606 1715; x_wconf 87' lang='lat' dir='ltr'><strong>corr</strong></span> <span class='ocrx_word' id='word_1_203' title='bbox 632 1683 663 1716; x_wconf 76' lang='lat'><strong>1}</strong></span> <span class='ocrx_word' id='word_1_204' title='bbox 834 1682 866 1716; x_wconf 84' lang='lat'><strong>6.</strong></span> <span class='ocrx_word' id='word_1_205' title='bbox 898 1680 961 1729; x_wconf 83' lang='grc' dir='ltr'><strong>ὡς]</strong></span> <span class='ocrx_word' id='word_1_206' title='bbox 991 1680 1041 1720; x_wconf 78' lang='grc' dir='ltr'><strong>ὥς</strong></span> <span class='ocrx_word' id='word_1_207' title='bbox 1064 1677 1137 1728; x_wconf 77' lang='grc' dir='ltr'><strong>γὰρ</strong></span> <span class='ocrx_word' id='word_1_208' title='bbox 1165 1683 1203 1723; x_wconf 82' lang='lat' dir='ltr'><strong>R,</strong></span> <span class='ocrx_word' id='word_1_209' title='bbox 1230 1680 1279 1721; x_wconf 81' lang='grc' dir='ltr'><strong>ὦς</strong></span> <span class='ocrx_word' id='word_1_210' title='bbox 1304 1681 1343 1716; x_wconf 80' lang='grc' dir='ltr'><strong>δὲ</strong></span> <span class='ocrx_word' id='word_1_211' title='bbox 1366 1681 1397 1715; x_wconf 89' lang='grc' dir='ltr'>Τ</span> <span class='ocrx_word' id='word_1_212' title='bbox 1429 1685 1467 1714; x_wconf 82' lang='lat' dir='ltr'><strong>et</strong></span> <span class='ocrx_word' id='word_1_213' title='bbox 1491 1682 1518 1714; x_wconf 85' lang='lat' dir='ltr'><strong>R</strong></span> <span class='ocrx_word' id='word_1_214' title='bbox 1543 1681 1635 1714; x_wconf 83' lang='lat' dir='ltr'><strong>aiter</strong></span> 
     </span>
     <span class='ocr_line' id='line_1_23' title="bbox 260 1728 1635 1823; baseline -0.001 -59"><span class='ocrx_word' id='word_1_215' title='bbox 260 1730 316 1811; x_wconf 53' lang='lat' dir='ltr'><strong>{g</strong></span> <span class='ocrx_word' id='word_1_216' title='bbox 341 1728 621 1823; x_wconf 50' lang='grc' dir='ltr'>ῗεῖἕησέἑμενοιῗ</span> <span class='ocrx_word' id='word_1_217' title='bbox 742 1729 793 1762; x_wconf 86' lang='lat'><strong>11.</strong></span> <span class='ocrx_word' id='word_1_218' title='bbox 825 1729 958 1768; x_wconf 80' lang='grc' dir='ltr'>δεινῶς</span> <span class='ocrx_word' id='word_1_219' title='bbox 984 1729 1029 1763; x_wconf 82' lang='lat' dir='ltr'><strong>P:</strong></span> <span class='ocrx_word' id='word_1_220' title='bbox 1057 1741 1135 1762; x_wconf 91' lang='lat' dir='ltr'><strong>corr</strong></span> <span class='ocrx_word' id='word_1_221' title='bbox 1156 1729 1184 1762; x_wconf 87' lang='lat' dir='ltr'><strong>H</strong></span> <span class='ocrx_word' id='word_1_222' title='bbox 1309 1729 1362 1762; x_wconf 83' lang='lat'><strong>12.</strong></span> <span class='ocrx_word' id='word_1_223' title='bbox 1390 1728 1635 1772; x_wconf 65' lang='lat' dir='ltr'><strong>Hnylrcxe&#39;mec?</strong></span> 
     </span>
    </p>
   </div>
   <div class='ocr_carea' id='block_1_4' title="bbox 164 1873 1631 2818">
    <p class='ocr_par' dir='ltr' id='par_1_4' title="bbox 165 1873 1630 2062">
     <span class='ocr_line' id='line_1_24' title="bbox 165 1873 1628 1918; baseline -0.001 -11"><span class='ocrx_word' id='word_1_224' title='bbox 165 1874 255 1907; x_wconf 81' lang='lat' dir='ltr'><strong>haec</strong></span> <span class='ocrx_word' id='word_1_225' title='bbox 278 1879 392 1914; x_wconf 81' lang='lat' dir='ltr'><strong>erant,</strong></span> <span class='ocrx_word' id='word_1_226' title='bbox 421 1879 461 1907; x_wconf 89' lang='lat' dir='ltr'><strong>ut</strong></span> <span class='ocrx_word' id='word_1_227' title='bbox 487 1873 625 1907; x_wconf 88' lang='lat' dir='ltr'><strong>bellum</strong></span> <span class='ocrx_word' id='word_1_228' title='bbox 653 1885 779 1917; x_wconf 86' lang='lat' dir='ltr'><strong>gerens</strong></span> <span class='ocrx_word' id='word_1_229' title='bbox 807 1874 998 1907; x_wconf 71' lang='lat' dir='ltr'><strong>Paiazitem</strong></span> <span class='ocrx_word' id='word_1_230' title='bbox 1025 1873 1198 1911; x_wconf 82' lang='lat' dir='ltr'><strong>domaret,</strong></span> <span class='ocrx_word' id='word_1_231' title='bbox 1225 1873 1386 1918; x_wconf 88' lang='lat' dir='ltr'><strong>reliquos</strong></span> <span class='ocrx_word' id='word_1_232' title='bbox 1414 1883 1498 1905; x_wconf 90' lang='lat' dir='ltr'><strong>vero</strong></span> <span class='ocrx_word' id='word_1_233' title='bbox 1531 1878 1628 1906; x_wconf 85' lang='lat' dir='ltr'><strong>metu</strong></span> 
     </span>
     <span class='ocr_line' id='line_1_25' title="bbox 165 1920 1628 1967; baseline -0.001 -13"><span class='ocrx_word' id='word_1_234' title='bbox 165 1922 350 1967; x_wconf 84' lang='lat' dir='ltr'><strong>perculsos</strong></span> <span class='ocrx_word' id='word_1_235' title='bbox 378 1922 415 1954; x_wconf 90' lang='lat' dir='ltr'><strong>in</strong></span> <span class='ocrx_word' id='word_1_236' title='bbox 440 1920 617 1955; x_wconf 80' lang='lat' dir='ltr'>dicionem</span> <span class='ocrx_word' id='word_1_237' title='bbox 645 1921 843 1964; x_wconf 79' lang='lat' dir='ltr'>redigeret,</span> <span class='ocrx_word' id='word_1_238' title='bbox 873 1933 940 1954; x_wconf 91' lang='lat' dir='ltr'><strong>nee</strong></span> <span class='ocrx_word' id='word_1_239' title='bbox 965 1922 1063 1966; x_wconf 85' lang='lat' dir='ltr'><strong>prius</strong></span> <span class='ocrx_word' id='word_1_240' title='bbox 1091 1920 1190 1954; x_wconf 90' lang='lat' dir='ltr'><strong>bello</strong></span> <span class='ocrx_word' id='word_1_241' title='bbox 1221 1920 1421 1953; x_wconf 68' lang='lat' dir='ltr'>abstineret</span> <span class='ocrx_word' id='word_1_242' title='bbox 1442 1931 1548 1965; x_wconf 82' lang='lat' dir='ltr'><strong>quam</strong></span> <span class='ocrx_word' id='word_1_243' title='bbox 1570 1925 1628 1953; x_wconf 90' lang='lat' dir='ltr'><strong>to-</strong></span> 
     </span>
     <span class='ocr_line' id='line_1_26' title="bbox 166 1967 1630 2015; baseline -0.001 -13"><span class='ocrx_word' id='word_1_244' title='bbox 166 1970 237 2002; x_wconf 88' lang='lat' dir='ltr'><strong>tius</strong></span> <span class='ocrx_word' id='word_1_245' title='bbox 266 1969 368 2002; x_wconf 78' lang='lat' dir='ltr'><strong>Asiae</strong></span> <span class='ocrx_word' id='word_1_246' title='bbox 395 1967 595 2002; x_wconf 89' lang='lat' dir='ltr'><strong>dominium</strong></span> <span class='ocrx_word' id='word_1_247' title='bbox 621 1969 894 2014; x_wconf 80' lang='lat' dir='ltr'><strong>acquisivisset3</strong></span> <span class='ocrx_word' id='word_1_248' title='bbox 923 1979 1017 2015; x_wconf 81' lang='lat' dir='ltr'><strong>quae</strong></span> <span class='ocrx_word' id='word_1_249' title='bbox 1043 1967 1192 2014; x_wconf 83' lang='lat' dir='ltr'><strong>quidem</strong></span> <span class='ocrx_word' id='word_1_250' title='bbox 1217 1968 1338 2001; x_wconf 88' lang='lat' dir='ltr'><strong>omnia</strong></span> <span class='ocrx_word' id='word_1_251' title='bbox 1354 1967 1538 2013; x_wconf 30' lang='lat' dir='ltr'><strong>*accidisse</strong></span> <span class='ocrx_word' id='word_1_252' title='bbox 1566 1978 1630 2000; x_wconf 83' lang='lat' dir='ltr'><strong>co·-</strong></span> 
     </span>
     <span class='ocr_line' id='line_1_27' title="bbox 166 2027 364 2062; baseline -0.005 -13"><span class='ocrx_word' id='word_1_253' title='bbox 166 2027 364 2062; x_wconf 78' lang='lat' dir='ltr'><strong>gnovimus.</strong></span> 
     </span>
    </p>

    <p class='ocr_par' dir='ltr' id='par_1_5' title="bbox 164 2061 1631 2818">
     <span class='ocr_line' id='line_1_28' title="bbox 262 2061 1630 2108; baseline -0.002 -12"><span class='ocrx_word' id='word_1_254' title='bbox 262 2063 329 2096; x_wconf 83' lang='lat' dir='ltr'><strong>Hic</strong></span> <span class='ocrx_word' id='word_1_255' title='bbox 359 2063 522 2096; x_wconf 82' lang='lat' dir='ltr'><strong>Temires</strong></span> <span class='ocrx_word' id='word_1_256' title='bbox 551 2062 621 2096; x_wconf 83' lang='lat' dir='ltr'><strong>fuit</strong></span> <span class='ocrx_word' id='word_1_257' title='bbox 646 2063 740 2096; x_wconf 78' lang='lat' dir='ltr'><strong>tilius</strong></span> <span class='ocrx_word' id='word_1_258' title='bbox 766 2063 928 2106; x_wconf 82' lang='lat' dir='ltr'><strong>Sangalis</strong></span> <span class='ocrx_word' id='word_1_259' title='bbox 953 2063 1020 2095; x_wconf 88' lang='lat' dir='ltr'><strong>viri</strong></span> <span class='ocrx_word' id='word_1_260' title='bbox 1048 2062 1221 2108; x_wconf 84' lang='lat' dir='ltr'><strong>privatam</strong></span> <span class='ocrx_word' id='word_1_261' title='bbox 1240 2062 1349 2094; x_wconf 85' lang='lat' dir='ltr'><strong>vitam</strong></span> <span class='ocrx_word' id='word_1_262' title='bbox 1376 2061 1535 2104; x_wconf 77' lang='lat' dir='ltr'><strong>agentis5</strong></span> <span class='ocrx_word' id='word_1_263' title='bbox 1561 2062 1630 2100; x_wconf 81' lang='lat' dir='ltr'><strong>cui.</strong></span> 
     </span>
     <span class='ocr_line' id='line_1_29' title="bbox 165 2109 1630 2156; baseline -0.003 -12"><span class='ocrx_word' id='word_1_264' title='bbox 165 2109 229 2144; x_wconf 87' lang='lat' dir='ltr'><strong>ubi</strong></span> <span class='ocrx_word' id='word_1_265' title='bbox 257 2109 359 2143; x_wconf 76' lang='lat' dir='ltr'><strong>duxit</strong></span> <span class='ocrx_word' id='word_1_266' title='bbox 382 2121 548 2151; x_wconf 80' lang='lat' dir='ltr'><strong>uxorem,</strong></span> <span class='ocrx_word' id='word_1_267' title='bbox 592 2111 663 2143; x_wconf 84' lang='lat' dir='ltr'><strong>tale</strong></span> <span class='ocrx_word' id='word_1_268' title='bbox 705 2109 795 2156; x_wconf 87' lang='lat' dir='ltr'><strong>quid</strong></span> <span class='ocrx_word' id='word_1_269' title='bbox 833 2110 1004 2143; x_wconf 84' lang='lat' dir='ltr'><strong>accidisse</strong></span> <span class='ocrx_word' id='word_1_270' title='bbox 1043 2110 1296 2156; x_wconf 82' lang='lat' dir='ltr'><strong>comperimus.</strong></span> <span class='ocrx_word' id='word_1_271' title='bbox 1355 2109 1517 2141; x_wconf 88' lang='lat' dir='ltr'><strong>Temires</strong></span> <span class='ocrx_word' id='word_1_272' title='bbox 1551 2120 1630 2140; x_wconf 89' lang='lat' dir='ltr'><strong>cum</strong></span> 
     </span>
     <span class='ocr_line' id='line_1_30' title="bbox 166 2155 1630 2203; baseline -0.002 -12"><span class='ocrx_word' id='word_1_273' title='bbox 166 2163 262 2192; x_wconf 86' lang='lat' dir='ltr'><strong>esset</strong></span> <span class='ocrx_word' id='word_1_274' title='bbox 283 2157 428 2191; x_wconf 84' lang='lat' dir='ltr'><strong>adultus</strong></span> <span class='ocrx_word' id='word_1_275' title='bbox 453 2159 600 2203; x_wconf 87' lang='lat' dir='ltr'><strong>iamque</strong></span> <span class='ocrx_word' id='word_1_276' title='bbox 633 2169 697 2203; x_wconf 88' lang='lat' dir='ltr'><strong>per</strong></span> <span class='ocrx_word' id='word_1_277' title='bbox 725 2162 881 2191; x_wconf 82' lang='lat' dir='ltr'><strong>aetatem</strong></span> <span class='ocrx_word' id='word_1_278' title='bbox 909 2158 968 2190; x_wconf 85' lang='lat' dir='ltr'><strong>isti</strong></span> <span class='ocrx_word' id='word_1_279' title='bbox 1007 2157 1122 2190; x_wconf 83' lang='lat' dir='ltr'><strong>officio</strong></span> <span class='ocrx_word' id='word_1_280' title='bbox 1150 2157 1301 2189; x_wconf 81' lang='lat' dir='ltr'><strong>idoneus</strong></span> <span class='ocrx_word' id='word_1_281' title='bbox 1326 2156 1433 2196; x_wconf 84' lang='lat' dir='ltr'><strong>soret,</strong></span> <span class='ocrx_word' id='word_1_282' title='bbox 1463 2155 1630 2189; x_wconf 87' lang='lat' dir='ltr'><strong>deferen-</strong></span> 
     </span>
     <span class='ocr_line' id='line_1_31' title="bbox 165 2202 1629 2251; baseline -0.002 -13"><span class='ocrx_word' id='word_1_283' title='bbox 165 2204 262 2239; x_wconf 86' lang='lat' dir='ltr'><strong>tibus</strong></span> <span class='ocrx_word' id='word_1_284' title='bbox 288 2204 477 2251; x_wconf 87' lang='lat' dir='ltr'><strong>oppidanis</strong></span> <span class='ocrx_word' id='word_1_285' title='bbox 502 2205 762 2250; x_wconf 76' lang='lat' dir='ltr'><strong>oppidanorum</strong></span> <span class='ocrx_word' id='word_1_286' title='bbox 792 2216 968 2250; x_wconf 83' lang='lat' dir='ltr'><strong>equorum</strong></span> <span class='ocrx_word' id='word_1_287' title='bbox 998 2216 1114 2237; x_wconf 82' lang='lat' dir='ltr'><strong>curam</strong></span> <span class='ocrx_word' id='word_1_288' title='bbox 1144 2210 1271 2237; x_wconf 78' lang='lat' dir='ltr'><strong>nactus</strong></span> <span class='ocrx_word' id='word_1_289' title='bbox 1300 2209 1362 2235; x_wconf 81' lang='lat' dir='ltr'><strong>est.</strong></span> <span class='ocrx_word' id='word_1_290' title='bbox 1414 2202 1559 2236; x_wconf 82' lang='lat' dir='ltr'><strong>tandem</strong></span> <span class='ocrx_word' id='word_1_291' title='bbox 1590 2203 1629 2235; x_wconf 86' lang='lat' dir='ltr'><strong>in</strong></span> 
     </span>
     <span class='ocr_line' id='line_1_32' title="bbox 166 2250 1630 2298; baseline -0.003 -12"><span class='ocrx_word' id='word_1_292' title='bbox 166 2252 388 2298; x_wconf 83' lang='lat' dir='ltr'>colloquium</span> <span class='ocrx_word' id='word_1_293' title='bbox 415 2253 562 2285; x_wconf 84' lang='lat' dir='ltr'><strong>veniens</strong></span> <span class='ocrx_word' id='word_1_294' title='bbox 591 2264 670 2285; x_wconf 88' lang='lat' dir='ltr'><strong>cum</strong></span> <span class='ocrx_word' id='word_1_295' title='bbox 699 2253 846 2298; x_wconf 87' lang='lat' dir='ltr'><strong>reliquis</strong></span> <span class='ocrx_word' id='word_1_296' title='bbox 881 2254 981 2285; x_wconf 85' lang='lat' dir='ltr'><strong>istius</strong></span> <span class='ocrx_word' id='word_1_297' title='bbox 1009 2252 1165 2295; x_wconf 77' lang='lat' dir='ltr'><strong>regionis</strong></span> <span class='ocrx_word' id='word_1_298' title='bbox 1201 2250 1418 2296; x_wconf 79' lang='lat' dir='ltr'><strong>pastoribus,</strong></span> <span class='ocrx_word' id='word_1_299' title='bbox 1446 2251 1566 2282; x_wconf 78' lang='lat' dir='ltr'><strong>effecit</strong></span> <span class='ocrx_word' id='word_1_300' title='bbox 1590 2255 1630 2282; x_wconf 88' lang='lat' dir='ltr'><strong>ut</strong></span> 
     </span>
     <span class='ocr_line' id='line_1_33' title="bbox 167 2296 1629 2344; baseline -0.003 -12"><span class='ocrx_word' id='word_1_301' title='bbox 167 2299 262 2333; x_wconf 82' lang='lat' dir='ltr'><strong>inter</strong></span> <span class='ocrx_word' id='word_1_302' title='bbox 285 2311 324 2332; x_wconf 86' lang='lat' dir='ltr'><strong>se</strong></span> <span class='ocrx_word' id='word_1_303' title='bbox 352 2300 586 2333; x_wconf 83' lang='lat' dir='ltr'><strong>coniurarent</strong></span> <span class='ocrx_word' id='word_1_304' title='bbox 603 2311 640 2332; x_wconf 85' lang='lat' dir='ltr'><strong>se</strong></span> <span class='ocrx_word' id='word_1_305' title='bbox 665 2300 761 2332; x_wconf 81' lang='lat' dir='ltr'><strong>velle</strong></span> <span class='ocrx_word' id='word_1_306' title='bbox 791 2299 894 2332; x_wconf 81' lang='lat' dir='ltr'><strong>furtis</strong></span> <span class='ocrx_word' id='word_1_307' title='bbox 919 2300 1092 2343; x_wconf 78' lang='lat' dir='ltr'><strong>colligere</strong></span> <span class='ocrx_word' id='word_1_308' title='bbox 1114 2309 1201 2344; x_wconf 86' lang='lat' dir='ltr'><strong>opes</strong></span> <span class='ocrx_word' id='word_1_309' title='bbox 1228 2305 1264 2331; x_wconf 87' lang='lat' dir='ltr'><strong>et</strong></span> <span class='ocrx_word' id='word_1_310' title='bbox 1290 2297 1422 2330; x_wconf 87' lang='lat' dir='ltr'><strong>deinde</strong></span> <span class='ocrx_word' id='word_1_311' title='bbox 1451 2296 1496 2329; x_wconf 88' lang='lat' dir='ltr'><strong>ad</strong></span> <span class='ocrx_word' id='word_1_312' title='bbox 1522 2297 1629 2329; x_wconf 76' lang='lat' dir='ltr'><strong>aliam</strong></span> 
     </span>
     <span class='ocr_line' id='line_1_34' title="bbox 166 2344 1629 2392; baseline -0.002 -13"><span class='ocrx_word' id='word_1_313' title='bbox 166 2346 360 2391; x_wconf 76' lang='lat' dir='ltr'><strong>confugere</strong></span> <span class='ocrx_word' id='word_1_314' title='bbox 387 2348 580 2392; x_wconf 83' lang='lat' dir='ltr'><strong>regionem.</strong></span> <span class='ocrx_word' id='word_1_315' title='bbox 642 2347 801 2379; x_wconf 84' lang='lat' dir='ltr'><strong>Temires</strong></span> <span class='ocrx_word' id='word_1_316' title='bbox 832 2359 910 2379; x_wconf 85' lang='lat' dir='ltr'><strong>cum</strong></span> <span class='ocrx_word' id='word_1_317' title='bbox 943 2346 1086 2380; x_wconf 75' lang='lat' dir='ltr'><strong>furandi</strong></span> <span class='ocrx_word' id='word_1_318' title='bbox 1119 2346 1212 2379; x_wconf 83' lang='lat' dir='ltr'><strong>soret</strong></span> <span class='ocrx_word' id='word_1_319' title='bbox 1237 2346 1486 2391; x_wconf 79' lang='lat' dir='ltr'><strong>peritissimus,</strong></span> <span class='ocrx_word' id='word_1_320' title='bbox 1511 2344 1629 2390; x_wconf 86' lang='lat' dir='ltr'><strong>pluri-</strong></span> 
     </span>
     <span class='ocr_line' id='line_1_35' title="bbox 165 2393 1630 2439; baseline -0.003 -12"><span class='ocrx_word' id='word_1_321' title='bbox 165 2405 242 2427; x_wconf 86' lang='lat' dir='ltr'><strong>mos</strong></span> <span class='ocrx_word' id='word_1_322' title='bbox 268 2404 381 2439; x_wconf 82' lang='lat' dir='ltr'><strong>equos</strong></span> <span class='ocrx_word' id='word_1_323' title='bbox 408 2400 444 2428; x_wconf 89' lang='lat' dir='ltr'><strong>et</strong></span> <span class='ocrx_word' id='word_1_324' title='bbox 471 2395 714 2427; x_wconf 82' lang='lat' dir='ltr'><strong>iumentorum</strong></span> <span class='ocrx_word' id='word_1_325' title='bbox 740 2394 935 2439; x_wconf 84' lang='lat' dir='ltr'><strong>oviumque</strong></span> <span class='ocrx_word' id='word_1_326' title='bbox 960 2394 1233 2427; x_wconf 76' lang='lat' dir='ltr'><strong>multitudinem</strong></span> <span class='ocrx_word' id='word_1_327' title='bbox 1263 2393 1473 2425; x_wconf 84' lang='lat' dir='ltr'><strong>immensam</strong></span> <span class='ocrx_word' id='word_1_328' title='bbox 1504 2397 1630 2424; x_wconf 86' lang='lat' dir='ltr'><strong>nactus</strong></span> 
     </span>
     <span class='ocr_line' id='line_1_36' title="bbox 167 2438 1630 2487; baseline -0.003 -13"><span class='ocrx_word' id='word_1_329' title='bbox 167 2446 242 2483; x_wconf 88' lang='lat' dir='ltr'><strong>est;</strong></span> <span class='ocrx_word' id='word_1_330' title='bbox 269 2451 389 2486; x_wconf 83' lang='lat' dir='ltr'><strong>neque</strong></span> <span class='ocrx_word' id='word_1_331' title='bbox 414 2442 607 2487; x_wconf 85' lang='lat' dir='ltr'><strong>quicquam</strong></span> <span class='ocrx_word' id='word_1_332' title='bbox 634 2442 762 2485; x_wconf 81' lang='lat' dir='ltr'><strong>integri</strong></span> <span class='ocrx_word' id='word_1_333' title='bbox 793 2447 853 2474; x_wconf 80' lang='lat' dir='ltr'><strong>aut</strong></span> <span class='ocrx_word' id='word_1_334' title='bbox 881 2442 967 2474; x_wconf 85' lang='lat' dir='ltr'><strong>satis</strong></span> <span class='ocrx_word' id='word_1_335' title='bbox 994 2442 1070 2473; x_wconf 71' lang='lat' dir='ltr'><strong>sani</strong></span> <span class='ocrx_word' id='word_1_336' title='bbox 1099 2441 1136 2473; x_wconf 91' lang='lat' dir='ltr'><strong>in</strong></span> <span class='ocrx_word' id='word_1_337' title='bbox 1166 2441 1235 2473; x_wconf 79' lang='lat' dir='ltr'><strong>isto</strong></span> <span class='ocrx_word' id='word_1_338' title='bbox 1263 2439 1409 2472; x_wconf 83' lang='lat' dir='ltr'><strong>homine</strong></span> <span class='ocrx_word' id='word_1_339' title='bbox 1437 2443 1523 2471; x_wconf 82' lang='lat' dir='ltr'><strong>erat.</strong></span> <span class='ocrx_word' id='word_1_340' title='bbox 1574 2438 1630 2471; x_wconf 81' lang='lat' dir='ltr'><strong>fe·</strong></span> 
     </span>
     <span class='ocr_line' id='line_1_37' title="bbox 167 2485 1629 2534; baseline -0.002 -13"><span class='ocrx_word' id='word_1_341' title='bbox 167 2493 252 2522; x_wconf 79' lang='lat' dir='ltr'><strong>runt</strong></span> <span class='ocrx_word' id='word_1_342' title='bbox 277 2498 358 2521; x_wconf 88' lang='lat' dir='ltr'><strong>eum</strong></span> <span class='ocrx_word' id='word_1_343' title='bbox 385 2489 580 2533; x_wconf 80' lang='lat' dir='ltr'><strong>quondam,</strong></span> <span class='ocrx_word' id='word_1_344' title='bbox 607 2494 646 2522; x_wconf 85' lang='lat' dir='ltr'><strong>ut</strong></span> <span class='ocrx_word' id='word_1_345' title='bbox 668 2490 808 2534; x_wconf 84' lang='lat' dir='ltr'><strong>pecoris</strong></span> <span class='ocrx_word' id='word_1_346' title='bbox 835 2489 1015 2522; x_wconf 78' lang='lat' dir='ltr'><strong>stabulum</strong></span> <span class='ocrx_word' id='word_1_347' title='bbox 1045 2490 1177 2521; x_wconf 88' lang='lat' dir='ltr'><strong>intrare</strong></span> <span class='ocrx_word' id='word_1_348' title='bbox 1207 2492 1351 2533; x_wconf 82' lang='lat' dir='ltr'><strong>posset,</strong></span> <span class='ocrx_word' id='word_1_349' title='bbox 1376 2485 1629 2519; x_wconf 74' lang='lat' dir='ltr'><strong>conscendisse</strong></span> 
     </span>
     <span class='ocr_line' id='line_1_38' title="bbox 164 2532 1630 2582; baseline -0.003 -13"><span class='ocrx_word' id='word_1_350' title='bbox 164 2545 324 2574; x_wconf 76' lang='lat' dir='ltr'><strong>murum3</strong></span> <span class='ocrx_word' id='word_1_351' title='bbox 351 2536 766 2582; x_wconf 78' lang='lat' dir='ltr'><strong>animadvertentemque</strong></span> <span class='ocrx_word' id='word_1_352' title='bbox 792 2547 829 2570; x_wconf 91' lang='lat' dir='ltr'><strong>se</strong></span> <span class='ocrx_word' id='word_1_353' title='bbox 853 2547 932 2569; x_wconf 83' lang='lat' dir='ltr'><strong>esse</strong></span> <span class='ocrx_word' id='word_1_354' title='bbox 963 2537 1077 2568; x_wconf 77' lang='lat' dir='ltr'><strong>visum</strong></span> <span class='ocrx_word' id='word_1_355' title='bbox 1103 2545 1123 2567; x_wconf 89' lang='lat' dir='ltr'><strong>a</strong></span> <span class='ocrx_word' id='word_1_356' title='bbox 1147 2533 1419 2580; x_wconf 62' lang='lat' dir='ltr'><strong>patrefamilias»,</strong></span> <span class='ocrx_word' id='word_1_357' title='bbox 1451 2532 1630 2566; x_wconf 80' lang='lat' dir='ltr'><strong>desiliisso</strong></span> 
     </span>
     <span class='ocr_line' id='line_1_39' title="bbox 166 2582 1631 2627; baseline -0.002 -11"><span class='ocrx_word' id='word_1_358' title='bbox 166 2583 205 2616; x_wconf 86' lang='lat' dir='ltr'><strong>in</strong></span> <span class='ocrx_word' id='word_1_359' title='bbox 229 2588 358 2616; x_wconf 84' lang='lat' dir='ltr'><strong>terram</strong></span> <span class='ocrx_word' id='word_1_360' title='bbox 395 2582 530 2627; x_wconf 86' lang='lat' dir='ltr'><strong>(soient</strong></span> <span class='ocrx_word' id='word_1_361' title='bbox 563 2583 658 2616; x_wconf 87' lang='lat' dir='ltr'><strong>enim</strong></span> <span class='ocrx_word' id='word_1_362' title='bbox 688 2583 851 2616; x_wconf 87' lang='lat' dir='ltr'><strong>homines</strong></span> <span class='ocrx_word' id='word_1_363' title='bbox 887 2584 925 2616; x_wconf 88' lang='lat' dir='ltr'><strong>in</strong></span> <span class='ocrx_word' id='word_1_364' title='bbox 963 2583 1029 2616; x_wconf 73' lang='lat' dir='ltr'><strong>ista</strong></span> <span class='ocrx_word' id='word_1_365' title='bbox 1075 2583 1220 2626; x_wconf 79' lang='lat' dir='ltr'><strong>regione</strong></span> <span class='ocrx_word' id='word_1_366' title='bbox 1250 2582 1411 2613; x_wconf 82' lang='lat' dir='ltr'><strong>iumenta</strong></span> <span class='ocrx_word' id='word_1_367' title='bbox 1437 2586 1473 2612; x_wconf 77' lang='lat' dir='ltr'><strong>et</strong></span> <span class='ocrx_word' id='word_1_368' title='bbox 1501 2591 1631 2626; x_wconf 77' lang='lat' dir='ltr'><strong>pecora</strong></span> 
     </span>
     <span class='ocr_line' id='line_1_40' title="bbox 165 2627 1630 2676; baseline -0.001 -13"><span class='ocrx_word' id='word_1_369' title='bbox 165 2630 276 2663; x_wconf 77' lang='lat' dir='ltr'><strong>muris</strong></span> <span class='ocrx_word' id='word_1_370' title='bbox 308 2630 527 2663; x_wconf 81' lang='lat' dir='ltr'><strong>circumdare</strong></span> <span class='ocrx_word' id='word_1_371' title='bbox 555 2631 766 2670; x_wconf 75' lang='lat' dir='ltr'><strong>altissimis,</strong></span> <span class='ocrx_word' id='word_1_372' title='bbox 802 2642 895 2676; x_wconf 84' lang='lat' dir='ltr'><strong>quae</strong></span> <span class='ocrx_word' id='word_1_373' title='bbox 938 2629 1129 2663; x_wconf 82' lang='lat' dir='ltr'><strong>difficulter</strong></span> <span class='ocrx_word' id='word_1_374' title='bbox 1168 2627 1312 2661; x_wconf 80' lang='lat' dir='ltr'><strong>ascendi</strong></span> <span class='ocrx_word' id='word_1_375' title='bbox 1350 2628 1530 2674; x_wconf 82' lang='lat' dir='ltr'><strong>possint),</strong></span> <span class='ocrx_word' id='word_1_376' title='bbox 1557 2639 1630 2673; x_wconf 89' lang='lat' dir='ltr'><strong>quo</strong></span> 
     </span>
     <span class='ocr_line' id='line_1_41' title="bbox 167 2674 1630 2719; baseline -0.001 -9"><span class='ocrx_word' id='word_1_377' title='bbox 167 2687 250 2710; x_wconf 74' lang='lat' dir='ltr'><strong>casu</strong></span> <span class='ocrx_word' id='word_1_378' title='bbox 277 2677 424 2719; x_wconf 78' lang='lat' dir='ltr'><strong>fregisse</strong></span> <span class='ocrx_word' id='word_1_379' title='bbox 460 2689 562 2718; x_wconf 84' lang='lat' dir='ltr'><strong>crus,</strong></span> <span class='ocrx_word' id='word_1_380' title='bbox 605 2683 642 2711; x_wconf 85' lang='lat' dir='ltr'><strong>et</strong></span> <span class='ocrx_word' id='word_1_381' title='bbox 679 2677 763 2711; x_wconf 87' lang='lat' dir='ltr'><strong>hinc</strong></span> <span class='ocrx_word' id='word_1_382' title='bbox 788 2678 1088 2711; x_wconf 74' lang='lat' dir='ltr'><strong>claudicationem</strong></span> <span class='ocrx_word' id='word_1_383' title='bbox 1120 2675 1357 2708; x_wconf 83' lang='lat' dir='ltr'><strong>contraxisse.</strong></span> <span class='ocrx_word' id='word_1_384' title='bbox 1407 2686 1474 2708; x_wconf 85' lang='lat' dir='ltr'><strong>nec</strong></span> <span class='ocrx_word' id='word_1_385' title='bbox 1497 2674 1630 2708; x_wconf 81' lang='lat' dir='ltr'><strong>desunt</strong></span> 
     </span>
     <span class='ocr_line' id='line_1_42' title="bbox 168 2721 1630 2771; baseline -0.002 -14"><span class='ocrx_word' id='word_1_386' title='bbox 168 2724 232 2770; x_wconf 91' lang='lat' dir='ltr'><strong>qui</strong></span> <span class='ocrx_word' id='word_1_387' title='bbox 261 2723 479 2770; x_wconf 81' lang='lat' dir='ltr'><strong>perhibeant</strong></span> <span class='ocrx_word' id='word_1_388' title='bbox 505 2736 584 2757; x_wconf 88' lang='lat' dir='ltr'><strong>eum</strong></span> <span class='ocrx_word' id='word_1_389' title='bbox 630 2725 773 2759; x_wconf 83' lang='lat' dir='ltr'><strong>sortiter</strong></span> <span class='ocrx_word' id='word_1_390' title='bbox 802 2736 959 2771; x_wconf 83' lang='lat' dir='ltr'><strong>pugnam</strong></span> <span class='ocrx_word' id='word_1_391' title='bbox 984 2726 1152 2761; x_wconf 86' lang='lat' dir='ltr'><strong>cientem,</strong></span> <span class='ocrx_word' id='word_1_392' title='bbox 1178 2723 1326 2756; x_wconf 80' lang='lat' dir='ltr'><strong>vulnere</strong></span> <span class='ocrx_word' id='word_1_393' title='bbox 1354 2721 1390 2755; x_wconf 83' lang='lat' dir='ltr'><strong>in</strong></span> <span class='ocrx_word' id='word_1_394' title='bbox 1416 2721 1545 2768; x_wconf 85' lang='lat' dir='ltr'><strong>pedem</strong></span> <span class='ocrx_word' id='word_1_395' title='bbox 1572 2733 1630 2754; x_wconf 80' lang='lat' dir='ltr'><strong>ac-</strong></span> 
     </span>
     <span class='ocr_line' id='line_1_43' title="bbox 168 2769 1631 2818; baseline -0.001 -14"><span class='ocrx_word' id='word_1_396' title='bbox 168 2776 289 2816; x_wconf 84' lang='lat' dir='ltr'><strong>cepto,</strong></span> <span class='ocrx_word' id='word_1_397' title='bbox 311 2770 514 2805; x_wconf 80' lang='lat' dir='ltr'><strong>claudicare</strong></span> <span class='ocrx_word' id='word_1_398' title='bbox 544 2773 715 2818; x_wconf 80' lang='lat' dir='ltr'><strong>coepisse.</strong></span> <span class='ocrx_word' id='word_1_399' title='bbox 767 2773 905 2818; x_wconf 81' lang='lat' dir='ltr'><strong>praelio</strong></span> <span class='ocrx_word' id='word_1_400' title='bbox 936 2778 1059 2806; x_wconf 82' lang='lat' dir='ltr'><strong>autem</strong></span> <span class='ocrx_word' id='word_1_401' title='bbox 1085 2771 1181 2804; x_wconf 77' lang='lat' dir='ltr'><strong>facio</strong></span> <span class='ocrx_word' id='word_1_402' title='bbox 1209 2781 1285 2802; x_wconf 86' lang='lat' dir='ltr'><strong>cum</strong></span> <span class='ocrx_word' id='word_1_403' title='bbox 1318 2770 1480 2804; x_wconf 80' lang='lat' dir='ltr'><strong>finitimis</strong></span> <span class='ocrx_word' id='word_1_404' title='bbox 1506 2769 1631 2816; x_wconf 78' lang='lat' dir='ltr'><strong>prose-</strong></span> 
     </span>
    </p>
   </div>
  </div>
 </body>
</html>
