1774 3204
248 164 343 213 584

297 283 390 304 mum
417 281 514 303 muro
529 272 673 303 inclusit
691 277 727 304 et
744 272 934 304 'furcarum

297 319 475 360 regionem
515 323 612 349 extra
656 318 936 362 Peloponnesum

297 365 396 395 sitam
417 363 459 394 nd
477 363 708 395 defectionem
731 365 936 396 sollicitavit

299 409 385 440 ibid.
411 409 465 442 22.
540 410 735 448 Boeotiam,
775 410 935 451 Pindum,

301 456 426 486 Locros
451 454 577 487 Ozolas
597 455 724 487 dicioni
741 467 825 487 suae
852 457 936 488 iun-

298 502 350 532 xit
372 500 450 539 319,
479 501 508 532 1.
528 501 559 533 5.
585 501 664 540 341,
696 502 749 536 11,
801 503 936 534 Atticae

298 550 490 588 tyrannum
513 547 655 578 Nerium
688 547 753 579 sibi
782 548 938 580 tributa-

302 594 388 624 rium
415 593 500 624 fecit
527 591 604 632 319,
617 593 651 625 3.
701 593 832 626 Isthmo
859 605 936 625 mu-

300 639 375 670 nito
403 650 478 670 cum
497 639 618 671 Tui-cis
644 650 686 670 ex
706 645 827 683 aperto
858 639 938 671 bel-

301 685 372 716 lum
383 685 488 727 gessit
497 684 611 724 320,1.
626 684 704 723 341,
720 685 774 719 22,
789 685 938 717 Chalco-

302 730 484 771 condylem
501 731 652 773 legatum
667 731 759 762 misit
773 730 817 762 ad
831 733 937 762 Amu-

304 781 412 808 ratem
438 775 477 808 ΙΙ.
496 776 575 814 343,
599 775 631 807 3.
682 788 698 808 a
729 777 850 808 Turcis
875 788 939 809 su·-

301 827 442 865 peratus
477 823 511 853 in
554 823 667 864 fugam
702 833 740 854 se
765 823 938 855 convertit

299 866 378 904 3²47,
393 868 427 899 4.
447 869 707 912 Peloponnesus
727 879 817 913 quae
833 874 936 900 antea

301 914 410 945 libera
451 919 524 946 erat
553 915 743 946 Turcarum
779 914 849 957 regi
876 915 937 946 tri-

298 960 437 992 butaria
459 959 549 991 facta
575 960 783 999 est349‚18.
833 961 937 992 Ioan-

299 1017 343 1037 ne
375 1005 477 1037 fratre
525 1011 661 1037 mortuo
700 1007 736 1038 C.
779 1007 936 1048 Byzantii

301 1062 445 1093 regnum
473 1052 610 1094 accepit
637 1051 716 1090 373,
746 1052 797 1084 17.
859 1063 937 1084 cum

299 1097 465 1129 fratribus
480 1097 614 1129 'l'homa
636 1103 671 1129 et
683 1099 859 1130 Demetrio
872 1098 939 1130 Pe-

299 1143 486 1184 loponnesi
527 1143 733 1176 divisionem
783 1144 940 1176 instituit

254 1193 273 1210 ·
297 1188 377 1228 374,
402 1188 454 1219 14.
481 1200 556 1220 cum
577 1190 774 1222 Mechmete
793 1189 835 1222 ΙΙ.
862 1191 937 1222 foe-

301 1234 383 1266 dera
410 1235 558 1267 sancivit
571 1234 651 1274 376,
669 1236 700 1268 5.
729 1236 938 1268 Mechmeus

301 1286 423 1313 contra
437 1281 638 1322 Byzantium
663 1281 844 1326 expeditio
856 1281 937 1322 382,

301 1326 353 1358 11.
367 1327 621 1359 Constantinus
643 1328 846 1370 Byzantium
873 1327 938 1360 de-

298 1371 449 1405 fendens
458 1373 664 1406 vulneratus
673 1379 708 1406 et
717 1380 874 1406 mortuus
886 1379 939 1406 est

296 1417 376 1458 395,
405 1418 458 1451 16.
484 1418 565 1459 399,
589 1419 641 1452 10.
694 1421 850 1463 regnavit
874 1431 938 1452 an-

300 1475 364 1496 nos
391 1470 462 1496 tres
494 1470 529 1497 et
554 1476 690 1498 menses
714 1472 785 1498 tres
805 1466 852 1498 ib.
883 1467 935 1501 15.

300 1509 458 1553 Byzantii
475 1521 591 1554 regum
606 1512 785 1554 catalogus
810 1524 828 1544 a
845 1514 937 1546 Leo-

301 1567 346 1588 ne
374 1558 594 1601 conscriptus
624 1555 704 1598 405,
730 1559 786 1591 21.

253 1602 454 1635 Demetrius
481 1603 680 1636 Emanuelis
707 1605 730 1636 f.
759 1615 836 1636 cum
880 1603 937 1637 lo-

300 1659 391 1680 anne
418 1650 523 1680 fratre
541 1660 619 1692 rege
633 1651 845 1682 Graecorum
857 1661 936 1692 ges·

301 1695 348 1727 sit
396 1695 597 1727 inimicitias
631 1695 711 1736 306,
750 1694 803 1728 14.
877 1707 940 1728 ex-

301 1741 411 1772 ercitu
451 1742 495 1772 ab
523 1743 687 1774 Amurute
715 1741 756 1775 ΙΙ.
795 1747 939 1786 accepto

300 1787 503 1829 Byzantium
531 1787 673 1820 obsedit
696 1788 743 1819 ib.
772 1788 825 1820 19.
855 1789 942 1820 Asa-

299 1833 353 1865 nis
381 1844 538 1866 sororem
573 1834 639 1865 sibi
663 1834 778 1867 iunxit
804 1845 942 1866 connu-

299 1878 360 1911 bio
399 1879 447 1911 ib.
511 1891 531 1912 a
574 1890 654 1922 rege
701 1879 835 1913 Ioanne
872 1891 943 1912 una

301 1936 380 1956 cum
408 1927 520 1958 Asane
558 1931 682 1970 captus
712 1931 767 1959 est
803 1926 884 1966 307,
909 1926 944 1958 2.

301 1983 319 2003 e
346 1982 484 2004 carcere
508 1972 681 2004 Galatiam
707 1973 866 2016 profugit
891 1972 942 2004 ib.

304 2018 337 2050 5.
406 2029 491 2070 pace
515 2019 710 2061 composita
745 2019 789 2050 ad
814 2019 943 2050 Euxini

302 2063 405 2095 maris
434 2065 668 2108 principatum
706 2064 809 2096 rediit
834 2065 881 2096 ib.
910 2064 943 2096 6.

304 2110 436 2141 loanne
461 2116 598 2142 mortuo
618 2112 773 2152 Byzantii
798 2122 942 2152 regnum

305 2157 481 2188 affectavit
503 2155 582 2196 373,
599 2156 652 2189 20.
703 2167 779 2188 cum
806 2156 943 2188 Thoma

305 2201 412 2234 fratre
446 2207 594 2246 propter
626 2203 859 2245 Peloponnesi
887 2214 944 2234 re-

304 2248 443 2290 gionem
469 2249 604 2280 bellum
630 2247 872 2292 suscepit374‚
886 2247 942 2281 20.

305 2293 476 2326 Thomam
505 2306 625 2338 pacem
652 2305 806 2338 pangere
830 2295 944 2336 coegit

302 2339 384 2379 375,
415 2341 444 2372 1.
469 2340 550 2379 378,
574 2340 607 2375 6.
657 2352 674 2371 a
690 2340 886 2373 Mecbmete
899 2339 942 2372 11.

303 2386 400 2418 bello
441 2387 623 2419 lacessitus
662 2386 743 2427 381,
775 2384 807 2419 2.
866 2397 942 2418 cum

305 2434 461 2464 exercitu
479 2434 628 2465 Turcico
650 2439 770 2464 contra
791 2431 943 2464 Albanos

307 2478 486 2522 profectus
498 2484 551 2512 est
562 2477 642 2518 411,
665 2480 712 2511 12.
729 2489 804 2510 culn
822 2479 943 2510 Mech-

308 2531 398 2557 inete
415 2525 456 2556 ll.
488 2525 620 2557 bellum
632 2531 743 2557 ortum
758 2523 896 2562 cst-442,
911 2525 943 2556 2.

308 2571 508 2603 Demetrius
536 2573 571 2602 in
600 2571 806 2603 Met-linietis
838 2570 944 2602 verba

306 2616 529 2657 iuravit455,
546 2618 599 2650 17.
626 2630 644 2648 a
673 2617 808 2650 'l'liomai
841 2618 944 2648 sruire

307 2662 504 2695 debellatus
516 2663 660 2702 456,st
685 2663 800 2702 4522
839 2663 943 2707 Spar-

308 2714 363 2740 tae
378 2709 563 2741 obsidione
583 2710 838 2742 circumventus
861 2708 945 2741 urbe

878 176 1035 214 INDEX

1049 273 1197 304 excessit
1223 277 1259 305 et
1280 273 1316 304 in
1341 273 1546 308 Mecbmetis
1565 274 1607 308 11.
1626 286 1686 308 ca-

1047 324 1116 351 stra
1142 317 1273 362 prodiit
1298 319 1379 359 472,
1399 320 1456 352 22.
1483 321 1520 354 in
1545 322 1685 356 vinnula

1048 365 1228 396 coniectus
1268 362 1348 403 476,
1381 365 1402 397 2
1475 377 1494 398 a
1532 373 1612 410 rege
1648 369 1684 400 iu

1049 410 1226 442 Boeotiam
1254 411 1376 443 missus
1394 410 1542 452 478,18.
1583 414 1687 446 Aeno

1048 455 1124 487 urbi
1147 455 1345 499 praefectus
1366 455 1512 496 48.3‚17.
1539 456 1686 497 494,18.

1048 513 1124 533 cum
1153 502 1347 534 Mechmete
1379 503 1478 536 venit
1496 503 1691 537 Hadriano-

1048 548 1159 591 polim
1183 546 1264 586 484,
1295 549 1325 580 7.

1003 593 1155 626 Thomas
1197 594 1398 626 Emanuelis
1440 594 1464 626 f.
1503 593 1692 628 Centerio-

1050 642 1103 671 nis
1143 639 1295 671 Achaiae
1332 639 1502 684 principis
1537 640 1609 672 fitia
1651 641 1687 672 in

1048 686 1309 717 matrimonium
1333 685 1436 718 (lucta
1459 685 1640 718 Messenae
1653 692 1690 719 et

1049 730 1206 763 Ithomue
1233 732 1410 774 regionem
1476 737 1590 765 taeter
1611 741 1688 764 ma-

1050 778 1199 810 ritimam
1228 777 1405 809 Arcadiam
1435 742 1552 811 ‹iivtem
1582 789 1684 810 acce-

1049 824 1103 866 pit
1131 822 1208 861 242,
1241 823 1273 854 2.
1333 834 1408 854 cum
1445 822 1552 857 fratre
1588 825 1686 858 Con-

1049 869 1204 900 stantino
1217 868 1383 900 isthmum
1405 869 1556 902 munivit
1573 874 1609 902 et
1621 869 1684 903 de-

1051 914 1163 946 fendit
1194 921 1314 946 contra
1349 915 1480 947 'l‘urcas
1509 914 1588 954 319,
1630 915 1683 948 17.

1048 959 1127 998 342,
1142 962 1169 991 1.
1197 961 1302 992 [iliam
1324 961 1563 994 Triballorum
1589 963 1686 1004 prin-

1049 1006 1138 1049 cipis
1163 1006 1236 1038 filio
1264 1007 1428 1039 Eleazaro
1453 1018 1596 1040 uxorem
1623 1007 1686 1039 ‹ie-

1051 1051 1104 1083 dit
1129 1050 1165 1082 ib
1187 1053 1219 1083 2.
1245 1052 1375 1084 Isthmo
1399 1051 1444 1084 ab
1469 1053 1629 1085 Amurate
1645 1052 1687 1084 ll.

1049 1103 1214 1140 superato
1245 1098 1281 1129 in
1311 1098 1426 1141 fugam
1451 1107 1488 1130 se
1513 1099 1688 1132 convertit

1049 1142 1130 1183 347,
1154 1142 1187 1174 4.
1236 1143 1404 1176 Demetrii
1437 1144 1554 1176 fratris
1583 1144 1701 1178 Pelo-.

1049 1189 1197 1233 ponnesi
1226 1191 1403 1232 regionem
1430 1188 1471 1221 ad
1510 1189 1683 1223 defectio-

1049 1246 1128 1267 nem
1155 1235 1345 1268 solicitavit
1362 1233 1442 1274 374,
1460 1235 1514 1267 14.
1527 1235 1581 1270 16.
1607 1247 1686 1268 cum

1049 1281 1156 1313 fratre
1180 1281 1219 1314 in
1243 1282 1388 1324 gratiam
1413 1280 1519 1315 rediit
1543 1281 1624 1322 375,
1653 1283 1684 1314 1.

1049 1326 1128 1366 378,
1156 1327 1210 1360 10.
1260 1338 1279 1359 a
1305 1326 1500 1360 Mechmete
1517 1326 1560 1360 Π.
1585 1327 1686 1360 bello

1049 1373 1231 1406 lacessitus
1241 1372 1321 1414 381,
1337 1373 1391 1407 12.
1439 1373 1687 1406 center-ionem

1051 1418 1201 1451 Achaiae
1228 1420 1422 1463 principem
1455 1425 1491 1452 et
1517 1420 1688 1453 tucanem

1049 1465 1086 1497 in
1127 1466 1267 1497 vincula
1301 1465 1380 1498 duci
1417 1465 1519 1498 iussit
1549 1463 1630 1506 408,
1653 1465 1688 1500 4.

1053 1523 1129 1543 cum
1155 1511 1276 1543 'l‘nrcis
1313 1516 1348 1544 et
1371 1512 1549 1544 Demetrio
1578 1511 1686 1543 fratre

1049 1563 1170 1590 contra
1183 1557 1336 1590 Albanos
1348 1558 1525 1601 profectus
1538 1562 1592 1590 est
1603 1556 1685 1597 412,

1049 1603 1081 1635 2.
1111 1615 1186 1635 cum
1200 1602 1394 1636 Meclimete
1411 1602 1453 1638 11.
1477 1603 1611 1637 bellum
1626 1614 1688 1635 or«-

1019 1675 1022 1679 .
1048 1654 1120 1681 tuin
1135 1648 1274 1687 est442,
1289 1650 1319 1680 1.
1346 1648 1499 1682 Thomas
1515 1649 1552 1680 in
1567 1649 1686 1681 Mech-

1053 1696 1156 1727 metis
1192 1695 1295 1727 verba
1310 1695 1439 1727 iuravit
1461 1694 1540 1734 455,
1556 1695 1608 1727 17.
1630 1695 1691 1727 Al-

1054 1741 1164 1772 banos
1193 1742 1374 1786 pariterue
1395 1741 1548 1773 Graecos
1573 1746 1695 1772 contra

1054 1787 1186 1818 Turcas
1211 1787 1317 1829 instig,
1309 1787 1394 1818 avit
1416 1785 1465 1819 ib.
1478 1786 1533 1820 21.
1546 1785 1693 1826 456,12.

1055 1833 1159 1865 etiam
1179 1833 1319 1864 fratrem
1335 1833 1550 1865 Demetrium
1569 1832 1694 1864 debel-

1054 1879 1139 1911 lavit
1163 1878 1210 1910 ib.
1232 1877 1285 1910 14.
1335 1889 1354 1909 a
1373 1877 1579 1911 Mechmetis
1605 1878 1695 1910 duce

1057 1924 1232 1957 Chamuza
1259 1925 1415 1957 devictus
1438 1923 1518 1964 457,
1542 1924 1575 1959 8.
1612 1924 1693 1964 458,

1058 1970 1112 2002 14.
1163 1971 1287 2003 iterum
1312 1971 1399 2014 regis
1412 1971 1614 2014 peregrinos
1634 1971 1695 2014 qui

1047 2027 1141 2049 arces
1177 2017 1367 2049 tuebantur
1399 2016 1586 2049 obsidione
1622 2017 1694 2048 cir-

1055 2064 1230 2095 cumvenit
1254 2062 1332 2102 459,
1357 2063 1390 2096 3.
1451 2062 1495 2094 ab
1521 2064 1632 2095 Asane
1655 2063 1693 2094 in

1059 2110 1173 2152 fugam
1199 2109 1399 2152 compulsus
1424 2106 1504 2148 470,
1536 2109 1598 2142 14..
1647 2107 1691 2139 ad

1056 2155 1286 2187 Mechnietem
1318 2154 1360 2186 II.
1403 2154 1499 2186 misit
1540 2155 1691 2197 legatum

1055 2201 1204 2242 471,16.
1232 2201 1325 2244 pacis
1347 2199 1572 2232 condiciones
1595 2200 1699 2232 obla-

1056 2255 1108 2279 tas
1135 2248 1268 2290 accepit
1291 2245 1368 2283 472,
1393 2245 1426 2277 3.
1478 2257 1586 2291 quum
1624 2247 1695 2288 regi

1056 2305 1128 2325 non
1170 2299 1286 2336 posset
1318 2291 1473 2336 pendere
1509 2292 1692 2331 tributum,

1056 2340 1158 2370 armis
1188 2344 1342 2370 tentitus
1356 2345 1408 2370 est
1432 2339 1480 2371 ib.
1497 2338 1528 2371 5
1554 2339 1590 2371 in
1617 2337 1691 2370 lta·

1056 2386 1094 2416 li.
1090 2396 1138 2416 um
1150 2385 1323 2427 navigavit
1337 2384 1379 2416 ad
1394 2382 1586 2418 Romanum
1601 2395 1691 2429 pon-

1057 2432 1185 2462 tificem
1215 2431 1296 2469 48),
1321 2429 1354 2463 4.

1011 2476 1234 2519 Palaeoprlis
1261 2476 1340 2516 473,
1366 2478 1396 2509 7.

1015 2524 1207 2555 Pul'iestin'i
1236 2522 1309 2561 142,
1339 2523 1394 2556 23.

1015 2569 1083 2601 Pal·
1078 2570 1216 2601 .¹.=un«l‹s
1244 2568 1323 2608 469,
1347 2569 1380 2601 9.

1013 2614 1210 2659 ΡεςιΙιΙιιιιιιιε
1249 2615 1419 2648 Orcbauis
1464 2613 1696 2646 Musulmanis

1061 2663 1138 2747 {mg
1152 2658 1692 2738 ‹ldumtoretproditor177,1(i.

1088 2718 1097 2740 1
1503 2729 1511 2737 .
