<?xml version="1.0" encoding="UTF-8"?>
<!DOCTYPE html PUBLIC "-//W3C//DTD XHTML 1.0 Transitional//EN"
    "http://www.w3.org/TR/xhtml1/DTD/xhtml1-transitional.dtd">
<html xmlns="http://www.w3.org/1999/xhtml" xml:lang="en" lang="en">
 <head>
  <title>
</title>
<meta http-equiv="Content-Type" content="text/html;charset=utf-8" />
  <meta name='ocr-system' content='tesseract 3.04.00' />
  <meta name='ocr-capabilities' content='ocr_page ocr_carea ocr_par ocr_line ocrx_word'/>
</head>
<body>
  <div class='ocr_page' id='page_1' title='image "./corpusscriptorum32niebuoft_0512.png"; bbox 0 0 1774 3204; ppageno 0'>
   <div class='ocr_carea' id='block_1_1' title="bbox 249 153 1774 232">
    <p class='ocr_par' dir='ltr' id='par_1_1' title="bbox 249 153 1774 232">
     <span class='ocr_line' id='line_1_1' title="bbox 249 153 1774 232; baseline 0.001 -2"><span class='ocrx_word' id='word_1_1' title='bbox 249 186 342 231; x_wconf 84' lang='lat'>500</span> <span class='ocrx_word' id='word_1_2' title='bbox 571 186 788 229; x_wconf 73' lang='lat' dir='ltr'>LAomci</span> <span class='ocrx_word' id='word_1_3' title='bbox 835 187 1341 232; x_wconf 78' lang='lat' dir='ltr'>CHALCOCONDYLAE</span> <span class='ocrx_word' id='word_1_4' title='bbox 1764 153 1774 178; x_wconf 49' lang='lat'>&#39;⁸</span> 
     </span>
    </p>
   </div>
   <div class='ocr_carea' id='block_1_2' title="bbox 112 282 1723 1694">
    <p class='ocr_par' dir='ltr' id='par_1_2' title="bbox 112 282 1723 1694">
     <span class='ocr_line' id='line_1_2' title="bbox 246 282 1671 342; baseline 0.004 -16"><span class='ocrx_word' id='word_1_5' title='bbox 246 287 417 341; x_wconf 70' lang='grc' dir='ltr'>ἀδελφῷ</span> <span class='ocrx_word' id='word_1_6' title='bbox 454 282 607 340; x_wconf 76' lang='grc' dir='ltr'>Βλάὸῳ</span> <span class='ocrx_word' id='word_1_7' title='bbox 650 286 851 337; x_wconf 80' lang='grc' dir='ltr'>ἐπέτρεψε</span> <span class='ocrx_word' id='word_1_8' title='bbox 899 286 1095 337; x_wconf 72' lang='grc' dir='ltr'>βασιλεὺς</span> <span class='ocrx_word' id='word_1_9' title='bbox 1136 285 1211 340; x_wconf 79' lang='grc' dir='ltr'>τὴν</span> <span class='ocrx_word' id='word_1_10' title='bbox 1240 290 1397 335; x_wconf 88' lang='grc' dir='ltr'><strong><em>Δακιάς</em></strong></span> <span class='ocrx_word' id='word_1_11' title='bbox 1442 289 1671 342; x_wconf 76' lang='grc' dir='ltr'><em>ἡγεμονίαν,</em></span> 
     </span>
     <span class='ocr_line' id='line_1_3' title="bbox 112 348 1671 407; baseline 0.005 -21"><span class='ocrx_word' id='word_1_12' title='bbox 112 355 230 388; x_wconf 78' lang='lat' dir='ltr'><strong>v.207</strong></span> <span class='ocrx_word' id='word_1_13' title='bbox 244 352 316 391; x_wconf 84' lang='grc' dir='ltr'>καί</span> <span class='ocrx_word' id='word_1_14' title='bbox 355 350 696 399; x_wconf 81' lang='grc' dir='ltr'><strong><em>συμβαλλομένου</em></strong></span> <span class='ocrx_word' id='word_1_15' title='bbox 739 351 942 400; x_wconf 83' lang='grc' dir='ltr'><strong><em>βασιλέως</em></strong></span> <span class='ocrx_word' id='word_1_16' title='bbox 979 348 1160 402; x_wconf 77' lang='grc' dir='ltr'>ἑπὴλασέ</span> <span class='ocrx_word' id='word_1_17' title='bbox 1202 366 1245 392; x_wconf 82' lang='grc' dir='ltr'>τε</span> <span class='ocrx_word' id='word_1_18' title='bbox 1289 353 1360 392; x_wconf 84' lang='grc' dir='ltr'>καί</span> <span class='ocrx_word' id='word_1_19' title='bbox 1394 350 1568 406; x_wconf 75' lang='grc' dir='ltr'>κατ’ἑσχε</span> <span class='ocrx_word' id='word_1_20' title='bbox 1597 353 1671 407; x_wconf 70' lang='grc' dir='ltr'>τὴν</span> 
     </span>
     <span class='ocr_line' id='line_1_4' title="bbox 243 412 1670 472; baseline 0.001 -18"><span class='ocrx_word' id='word_1_21' title='bbox 243 414 461 470; x_wconf 75' lang='grc' dir='ltr'><em>ἡγεμονίαν</em></span> <span class='ocrx_word' id='word_1_22' title='bbox 492 414 654 460; x_wconf 78' lang='grc' dir='ltr'><strong><em>Βλάδος</em></strong></span> <span class='ocrx_word' id='word_1_23' title='bbox 696 412 717 453; x_wconf 76' lang='grc' dir='ltr'>ὅ</span> <span class='ocrx_word' id='word_1_24' title='bbox 759 414 1009 466; x_wconf 80' lang='grc' dir='ltr'>Δρακούλεω</span> <span class='ocrx_word' id='word_1_25' title='bbox 1049 420 1160 462; x_wconf 82' lang='grc' dir='ltr'><strong><em>παῖς.</em></strong></span> <span class='ocrx_word' id='word_1_26' title='bbox 1228 413 1284 464; x_wconf 75' lang='grc' dir='ltr'><strong><em>ὥς</em></strong></span> <span class='ocrx_word' id='word_1_27' title='bbox 1307 418 1352 458; x_wconf 74' lang='grc' dir='ltr'>δὲ</span> <span class='ocrx_word' id='word_1_28' title='bbox 1381 416 1451 458; x_wconf 70' lang='grc' dir='ltr'>ἐπὶ</span> <span class='ocrx_word' id='word_1_29' title='bbox 1477 416 1552 471; x_wconf 73' lang='grc' dir='ltr'>τὴν</span> <span class='ocrx_word' id='word_1_30' title='bbox 1578 419 1670 472; x_wconf 78' lang='grc' dir='ltr'><em>ἥγε.</em></span> 
     </span>
     <span class='ocr_line' id='line_1_5' title="bbox 240 475 1673 534; baseline 0.002 -15"><span class='ocrx_word' id='word_1_31' title='bbox 240 482 389 531; x_wconf 85' lang='grc' dir='ltr'><em>μονιάν</em></span> <span class='ocrx_word' id='word_1_32' title='bbox 427 478 597 532; x_wconf 74' lang='grc' dir='ltr'>ἀφίκετο</span> <span class='ocrx_word' id='word_1_33' title='bbox 615 508 627 529; x_wconf 90' lang='grc'>,</span> <span class='ocrx_word' id='word_1_34' title='bbox 668 479 808 530; x_wconf 76' lang='grc' dir='ltr'><strong><em>πρῶτα</em></strong></span> <span class='ocrx_word' id='word_1_35' title='bbox 836 480 912 529; x_wconf 84' lang='grc' dir='ltr'><em>μὲν</em></span> <span class='ocrx_word' id='word_1_36' title='bbox 937 475 1071 533; x_wconf 75' lang='grc' dir='ltr'><strong><em>ἐαυτῷ</em></strong></span> <span class='ocrx_word' id='word_1_37' title='bbox 1108 479 1372 534; x_wconf 78' lang='grc' dir='ltr'><em>δορυφόρους</em></span> <span class='ocrx_word' id='word_1_38' title='bbox 1399 479 1570 522; x_wconf 81' lang='grc' dir='ltr'>ἐποιεῖτο</span> <span class='ocrx_word' id='word_1_39' title='bbox 1600 481 1673 523; x_wconf 75' lang='grc' dir='ltr'>καὶ</span> 
     </span>
     <span class='ocr_line' id='line_1_6' title="bbox 112 540 1702 598; baseline 0.006 -20"><span class='ocrx_word' id='word_1_40' title='bbox 112 547 145 578; x_wconf 87' lang='lat' dir='ltr'>P.</span> <span class='ocrx_word' id='word_1_41' title='bbox 160 547 228 580; x_wconf 79' lang='lat'>266</span> <span class='ocrx_word' id='word_1_42' title='bbox 241 541 530 594; x_wconf 74' lang='grc' dir='ltr'><strong><em>ὁμοδιαίτους,</em></strong></span> <span class='ocrx_word' id='word_1_43' title='bbox 566 541 670 593; x_wconf 71' lang='grc' dir='ltr'><em>μετὰ</em></span> <span class='ocrx_word' id='word_1_44' title='bbox 716 543 761 582; x_wconf 75' lang='grc' dir='ltr'>δὲ</span> <span class='ocrx_word' id='word_1_45' title='bbox 787 540 1151 594; x_wconf 81' lang='grc' dir='ltr'><em>μεταπεμπόμενος</em></span> <span class='ocrx_word' id='word_1_46' title='bbox 1191 542 1261 584; x_wconf 71' lang='grc' dir='ltr'>ἕνα</span> <span class='ocrx_word' id='word_1_47' title='bbox 1290 543 1462 585; x_wconf 77' lang='grc' dir='ltr'><em>ἕκαστον</em></span> <span class='ocrx_word' id='word_1_48' title='bbox 1488 547 1570 586; x_wconf 77' lang='grc' dir='ltr'>τῶν</span> <span class='ocrx_word' id='word_1_49' title='bbox 1596 548 1702 598; x_wconf 75' lang='grc' dir='ltr'><strong><em>τῆς-5</em></strong></span> 
     </span>
     <span class='ocr_line' id='line_1_7' title="bbox 236 605 1669 661; baseline 0.002 -14"><span class='ocrx_word' id='word_1_50' title='bbox 236 607 381 660; x_wconf 79' lang='grc' dir='ltr'><strong><em>χώρας</em></strong></span> <span class='ocrx_word' id='word_1_51' title='bbox 408 608 622 661; x_wconf 76' lang='grc' dir='ltr'><strong><em>ἐπιφανῶν</em></strong></span> <span class='ocrx_word' id='word_1_52' title='bbox 651 607 692 654; x_wconf 82' lang='grc' dir='ltr'><strong><em>ἐς</em></strong></span> <span class='ocrx_word' id='word_1_53' title='bbox 720 605 792 653; x_wconf 80' lang='grc' dir='ltr'><strong><em>τὰς</em></strong></span> <span class='ocrx_word' id='word_1_54' title='bbox 820 608 900 646; x_wconf 77' lang='grc' dir='ltr'>τῶν</span> <span class='ocrx_word' id='word_1_55' title='bbox 930 605 1142 660; x_wconf 80' lang='grc' dir='ltr'><em>ἡγεμόνων</em></span> <span class='ocrx_word' id='word_1_56' title='bbox 1179 607 1413 660; x_wconf 77' lang='grc' dir='ltr'><em>μεταβολὰς</em></span> <span class='ocrx_word' id='word_1_57' title='bbox 1442 611 1669 650; x_wconf 75' lang='grc' dir='ltr'><strong><em>δοκούντων</em></strong></span> 
     </span>
     <span class='ocr_line' id='line_1_8' title="bbox 234 671 1668 726; baseline 0.003 -16"><span class='ocrx_word' id='word_1_58' title='bbox 234 677 417 722; x_wconf 76' lang='grc' dir='ltr'><em>μετεῖναι</em></span> <span class='ocrx_word' id='word_1_59' title='bbox 446 671 517 723; x_wconf 75' lang='grc' dir='ltr'><strong><em>τῆς</em></strong></span> <span class='ocrx_word' id='word_1_60' title='bbox 547 671 794 723; x_wconf 74' lang='grc' dir='ltr'><strong><em>προδοσίας,</em></strong></span> <span class='ocrx_word' id='word_1_61' title='bbox 834 671 996 712; x_wconf 77' lang='grc' dir='ltr'><strong><em>πανοικὶ</em></strong></span> <span class='ocrx_word' id='word_1_62' title='bbox 1035 673 1252 726; x_wconf 74' lang='grc' dir='ltr'><strong><em>διέφθειρέ</em></strong></span> <span class='ocrx_word' id='word_1_63' title='bbox 1279 687 1323 712; x_wconf 85' lang='grc' dir='ltr'>τε</span> <span class='ocrx_word' id='word_1_64' title='bbox 1351 674 1423 713; x_wconf 81' lang='grc' dir='ltr'>καί</span> <span class='ocrx_word' id='word_1_65' title='bbox 1450 673 1668 714; x_wconf 63' lang='lat' dir='ltr'>dnouem-</span> 
     </span>
     <span class='ocr_line' id='line_1_9' title="bbox 235 733 1664 791; baseline 0.002 -15"><span class='ocrx_word' id='word_1_66' title='bbox 235 738 367 788; x_wconf 83' lang='grc' dir='ltr'><em>πιζεν,</em></span> <span class='ocrx_word' id='word_1_67' title='bbox 395 733 522 776; x_wconf 69' lang='grc' dir='ltr'>αι’·’τόν</span> <span class='ocrx_word' id='word_1_68' title='bbox 549 750 592 776; x_wconf 81' lang='grc' dir='ltr'>τε</span> <span class='ocrx_word' id='word_1_69' title='bbox 619 733 710 786; x_wconf 78' lang='grc' dir='ltr'><em>ἅμα</em></span> <span class='ocrx_word' id='word_1_70' title='bbox 736 736 807 775; x_wconf 78' lang='grc' dir='ltr'>καί</span> <span class='ocrx_word' id='word_1_71' title='bbox 834 737 986 783; x_wconf 77' lang='grc' dir='ltr'>παῖδας</span> <span class='ocrx_word' id='word_1_72' title='bbox 1005 736 1076 776; x_wconf 78' lang='grc' dir='ltr'><em>καί</em></span> <span class='ocrx_word' id='word_1_73' title='bbox 1101 743 1274 788; x_wconf 82' lang='grc' dir='ltr'><em>γυναῖκα</em></span> <span class='ocrx_word' id='word_1_74' title='bbox 1303 736 1374 778; x_wconf 79' lang='grc' dir='ltr'><strong><em>καί</em></strong></span> <span class='ocrx_word' id='word_1_75' title='bbox 1396 736 1664 791; x_wconf 68' lang='grc' dir='ltr'>θεράποντας,</span> 
     </span>
     <span class='ocr_line' id='line_1_10' title="bbox 237 796 1668 858; baseline 0.001 -16"><span class='ocrx_word' id='word_1_76' title='bbox 237 798 341 842; x_wconf 74' lang='grc' dir='ltr'>ὥστε</span> <span class='ocrx_word' id='word_1_77' title='bbox 370 796 504 853; x_wconf 70' lang='grc' dir='ltr'>ἄνδρα</span> <span class='ocrx_word' id='word_1_78' title='bbox 531 804 676 840; x_wconf 82' lang='grc' dir='ltr'><em>τοῦτον</em></span> <span class='ocrx_word' id='word_1_79' title='bbox 705 802 776 841; x_wconf 79' lang='grc' dir='ltr'>ἕνα</span> <span class='ocrx_word' id='word_1_80' title='bbox 805 801 878 840; x_wconf 80' lang='grc' dir='ltr'>ἐπί</span> <span class='ocrx_word' id='word_1_81' title='bbox 901 803 1006 853; x_wconf 82' lang='grc' dir='ltr'><em>μέγα</em></span> <span class='ocrx_word' id='word_1_82' title='bbox 1035 800 1086 854; x_wconf 74' lang='grc' dir='ltr'>δὴ</span> <span class='ocrx_word' id='word_1_83' title='bbox 1118 801 1250 855; x_wconf 87' lang='grc' dir='ltr'><strong><em>φόνου</em></strong></span> <span class='ocrx_word' id='word_1_84' title='bbox 1278 802 1441 855; x_wconf 69' lang='grc' dir='ltr'>ἀνδρῶν</span> <span class='ocrx_word' id='word_1_85' title='bbox 1468 797 1527 844; x_wconf 65' lang='grc' dir='ltr'>ὧν</span> <span class='ocrx_word' id='word_1_86' title='bbox 1550 803 1668 858; x_wconf 81' lang='grc' dir='ltr'><em>ἡμεῖς</em></span> 
     </span>
     <span class='ocr_line' id='line_1_11' title="bbox 235 862 1723 921; baseline 0.002 -14"><span class='ocrx_word' id='word_1_87' title='bbox 235 865 355 917; x_wconf 79' lang='grc' dir='ltr'><em>ἴσμεν</em></span> <span class='ocrx_word' id='word_1_88' title='bbox 383 863 531 906; x_wconf 76' lang='grc' dir='ltr'><strong><em>ἐλάσαι</em></strong></span> <span class='ocrx_word' id='word_1_89' title='bbox 559 864 826 915; x_wconf 75' lang='grc' dir='ltr'><em>ἐπυθόμεθα·</em></span> <span class='ocrx_word' id='word_1_90' title='bbox 882 862 987 905; x_wconf 71' lang='grc' dir='ltr'>ὥστε</span> <span class='ocrx_word' id='word_1_91' title='bbox 1014 865 1093 918; x_wconf 81' lang='grc' dir='ltr'>γάρ</span> <span class='ocrx_word' id='word_1_92' title='bbox 1127 863 1165 906; x_wconf 87' lang='grc' dir='ltr'>οἱ</span> <span class='ocrx_word' id='word_1_93' title='bbox 1200 867 1439 917; x_wconf 77' lang='grc' dir='ltr'>ἑμπεδαῖσαι</span> <span class='ocrx_word' id='word_1_94' title='bbox 1467 866 1544 921; x_wconf 71' lang='grc' dir='ltr'>τήν</span> <span class='ocrx_word' id='word_1_95' title='bbox 1570 866 1667 920; x_wconf 76' lang='grc' dir='ltr'><em>ἦγε·</em></span> <span class='ocrx_word' id='word_1_96' title='bbox 1681 877 1723 910; x_wconf 87' lang='lat'>10</span> 
     </span>
     <span class='ocr_line' id='line_1_12' title="bbox 233 924 1667 982; baseline 0.003 -14"><span class='ocrx_word' id='word_1_97' title='bbox 233 932 392 981; x_wconf 85' lang='grc' dir='ltr'><em>μονιάν,</em></span> <span class='ocrx_word' id='word_1_98' title='bbox 422 929 581 969; x_wconf 72' lang='grc' dir='ltr'><em>ἀνελεῖν</em></span> <span class='ocrx_word' id='word_1_99' title='bbox 610 928 734 969; x_wconf 73' lang='grc' dir='ltr'><em>αὐτόν</em></span> <span class='ocrx_word' id='word_1_100' title='bbox 756 944 884 982; x_wconf 89' lang='grc' dir='ltr'>φασιν</span> <span class='ocrx_word' id='word_1_101' title='bbox 913 924 1066 981; x_wconf 73' lang='grc' dir='ltr'>ἄνδρας</span> <span class='ocrx_word' id='word_1_102' title='bbox 1085 943 1126 970; x_wconf 80' lang='grc' dir='ltr'>τε</span> <span class='ocrx_word' id='word_1_103' title='bbox 1151 929 1222 970; x_wconf 82' lang='grc' dir='ltr'><strong><em>καί</em></strong></span> <span class='ocrx_word' id='word_1_104' title='bbox 1247 936 1446 982; x_wconf 83' lang='grc' dir='ltr'>γυναῖκας</span> <span class='ocrx_word' id='word_1_105' title='bbox 1476 934 1547 972; x_wconf 82' lang='grc' dir='ltr'>καί</span> <span class='ocrx_word' id='word_1_106' title='bbox 1573 937 1667 972; x_wconf 85' lang='grc' dir='ltr'>παῖ-</span> 
     </span>
     <span class='ocr_line' id='line_1_13' title="bbox 235 993 1663 1046; baseline 0.001 -11"><span class='ocrx_word' id='word_1_107' title='bbox 235 996 310 1042; x_wconf 85' lang='grc' dir='ltr'>δας</span> <span class='ocrx_word' id='word_1_108' title='bbox 342 993 478 1046; x_wconf 73' lang='grc' dir='ltr'><em>ὀλίγον</em></span> <span class='ocrx_word' id='word_1_109' title='bbox 518 993 609 1034; x_wconf 81' lang='grc' dir='ltr'><em>τινὰ</em></span> <span class='ocrx_word' id='word_1_110' title='bbox 650 993 800 1046; x_wconf 81' lang='grc' dir='ltr'><em>χρόνον</em></span> <span class='ocrx_word' id='word_1_111' title='bbox 837 995 879 1040; x_wconf 82' lang='grc' dir='ltr'><strong><em>ἐς</em></strong></span> <span class='ocrx_word' id='word_1_112' title='bbox 909 993 1164 1045; x_wconf 72' lang='grc' dir='ltr'><strong><em>δισμυρίους.</em></strong></span> <span class='ocrx_word' id='word_1_113' title='bbox 1222 997 1479 1037; x_wconf 50' lang='lat' dir='ltr'>&gt;camorana</span> <span class='ocrx_word' id='word_1_114' title='bbox 1509 996 1554 1037; x_wconf 79' lang='grc' dir='ltr'>δὲ</span> <span class='ocrx_word' id='word_1_115' title='bbox 1583 1012 1663 1037; x_wconf 84' lang='grc' dir='ltr'>κα-</span> 
     </span>
     <span class='ocr_line' id='line_1_14' title="bbox 235 1057 1664 1114; baseline 0.003 -16"><span class='ocrx_word' id='word_1_116' title='bbox 235 1058 332 1107; x_wconf 65' lang='grc' dir='ltr'><strong><em>λούς</em></strong></span> <span class='ocrx_word' id='word_1_117' title='bbox 361 1074 478 1106; x_wconf 85' lang='grc' dir='ltr'><em>τινας</em></span> <span class='ocrx_word' id='word_1_118' title='bbox 507 1059 620 1114; x_wconf 70' lang='grc' dir='ltr'>αὐτῷ</span> <span class='ocrx_word' id='word_1_119' title='bbox 657 1058 916 1111; x_wconf 76' lang='grc' dir='ltr'><strong><em>στρατιώτας</em></strong></span> <span class='ocrx_word' id='word_1_120' title='bbox 956 1058 1027 1098; x_wconf 75' lang='grc' dir='ltr'>καί</span> <span class='ocrx_word' id='word_1_121' title='bbox 1053 1057 1335 1113; x_wconf 77' lang='grc' dir='ltr'><strong><em>δορυφόρους,</em></strong></span> <span class='ocrx_word' id='word_1_122' title='bbox 1362 1060 1532 1108; x_wconf 77' lang='grc' dir='ltr'><strong><em>τούτους</em></strong></span> <span class='ocrx_word' id='word_1_123' title='bbox 1557 1062 1664 1102; x_wconf 74' lang='grc' dir='ltr'>ἐδω-</span> 
     </span>
     <span class='ocr_line' id='line_1_15' title="bbox 196 1118 1668 1181; baseline 0.002 -18"><span class='ocrx_word' id='word_1_124' title='bbox 196 1129 342 1175; x_wconf 83' lang='grc' dir='ltr'><em>Βρεῖτο</em></span> <span class='ocrx_word' id='word_1_125' title='bbox 372 1128 458 1170; x_wconf 82' lang='grc' dir='ltr'><strong><em>τοῖς</em></strong></span> <span class='ocrx_word' id='word_1_126' title='bbox 499 1123 580 1162; x_wconf 76' lang='grc' dir='ltr'>τῶν</span> <span class='ocrx_word' id='word_1_127' title='bbox 626 1118 956 1174; x_wconf 71' lang='grc' dir='ltr'><em>ἀπογιγνομένων</em></span> <span class='ocrx_word' id='word_1_128' title='bbox 989 1120 1185 1174; x_wconf 75' lang='grc' dir='ltr'>χρήμασί</span> <span class='ocrx_word' id='word_1_129' title='bbox 1205 1139 1246 1163; x_wconf 81' lang='grc' dir='ltr'>τι</span> <span class='ocrx_word' id='word_1_130' title='bbox 1285 1122 1356 1164; x_wconf 77' lang='grc' dir='ltr'><em>καί</em></span> <span class='ocrx_word' id='word_1_131' title='bbox 1381 1119 1487 1180; x_wconf 76' lang='grc' dir='ltr'>ὄλβῳ</span> <span class='ocrx_word' id='word_1_132' title='bbox 1514 1125 1589 1165; x_wconf 73' lang='grc' dir='ltr'>καί</span> <span class='ocrx_word' id='word_1_133' title='bbox 1614 1127 1668 1181; x_wconf 81' lang='grc' dir='ltr'>τῇ</span> 
     </span>
     <span class='ocr_line' id='line_1_16' title="bbox 233 1182 1721 1246; baseline 0.001 -19"><span class='ocrx_word' id='word_1_134' title='bbox 233 1183 335 1243; x_wconf 72' lang='grc' dir='ltr'><strong><em>ἄλλῃ</em></strong></span> <span class='ocrx_word' id='word_1_135' title='bbox 368 1186 640 1243; x_wconf 67' lang='grc' dir='ltr'><em>εὐδαιμονίᾳ,</em></span> <span class='ocrx_word' id='word_1_136' title='bbox 671 1184 776 1226; x_wconf 78' lang='grc' dir='ltr'>ὥστε</span> <span class='ocrx_word' id='word_1_137' title='bbox 809 1185 878 1226; x_wconf 80' lang='grc' dir='ltr'>ὸίὰ</span> <span class='ocrx_word' id='word_1_138' title='bbox 904 1188 1085 1238; x_wconf 80' lang='grc' dir='ltr'><strong><em>βραχέος</em></strong></span> <span class='ocrx_word' id='word_1_139' title='bbox 1105 1188 1175 1226; x_wconf 75' lang='grc' dir='ltr'>ἐπί</span> <span class='ocrx_word' id='word_1_140' title='bbox 1199 1189 1306 1239; x_wconf 83' lang='grc' dir='ltr'><em>μέγα</em></span> <span class='ocrx_word' id='word_1_141' title='bbox 1334 1182 1563 1242; x_wconf 69' lang='grc' dir='ltr'><strong><em>ἀφικέσθαι</em></strong></span> <span class='ocrx_word' id='word_1_142' title='bbox 1590 1202 1721 1246; x_wconf 35' lang='lat' dir='ltr'>pte-,15</span> 
     </span>
     <span class='ocr_line' id='line_1_17' title="bbox 233 1248 1660 1307; baseline 0.001 -15"><span class='ocrx_word' id='word_1_143' title='bbox 233 1253 410 1304; x_wconf 80' lang='grc' dir='ltr'><strong><em>ταβολῆς</em></strong></span> <span class='ocrx_word' id='word_1_144' title='bbox 438 1250 508 1291; x_wconf 82' lang='grc' dir='ltr'><strong><em>καί</em></strong></span> <span class='ocrx_word' id='word_1_145' title='bbox 538 1252 890 1307; x_wconf 74' lang='grc' dir='ltr'><em>καυωτομηθῆναι</em></span> <span class='ocrx_word' id='word_1_146' title='bbox 928 1251 1035 1290; x_wconf 76' lang='grc' dir='ltr'><strong><em>πάνυ</em></strong></span> <span class='ocrx_word' id='word_1_147' title='bbox 1066 1250 1114 1290; x_wconf 81' lang='grc' dir='ltr'>τὰ</span> <span class='ocrx_word' id='word_1_148' title='bbox 1144 1251 1301 1298; x_wconf 50' lang='lat' dir='ltr'>ahmane</span> <span class='ocrx_word' id='word_1_149' title='bbox 1329 1248 1551 1304; x_wconf 78' lang='grc' dir='ltr'>πράγματα</span> <span class='ocrx_word' id='word_1_150' title='bbox 1580 1249 1660 1292; x_wconf 70' lang='grc' dir='ltr'>ὑπὸ</span> 
     </span>
     <span class='ocr_line' id='line_1_18' title="bbox 232 1311 1665 1368; baseline 0.001 -13"><span class='ocrx_word' id='word_1_151' title='bbox 232 1313 375 1356; x_wconf 77' lang='grc' dir='ltr'><strong><em>τούτου</em></strong></span> <span class='ocrx_word' id='word_1_152' title='bbox 403 1315 477 1355; x_wconf 83' lang='grc' dir='ltr'>τοῦ</span> <span class='ocrx_word' id='word_1_153' title='bbox 519 1314 682 1365; x_wconf 74' lang='grc' dir='ltr'><strong><em>ἀνδρὸς.</em></strong></span> <span class='ocrx_word' id='word_1_154' title='bbox 753 1314 824 1355; x_wconf 86' lang='grc' dir='ltr'><em>καί</em></span> <span class='ocrx_word' id='word_1_155' title='bbox 853 1313 1042 1361; x_wconf 72' lang='grc' dir='ltr'>Παίονάς</span> <span class='ocrx_word' id='word_1_156' title='bbox 1070 1329 1115 1354; x_wconf 83' lang='grc' dir='ltr'>τε</span> <span class='ocrx_word' id='word_1_157' title='bbox 1146 1316 1221 1354; x_wconf 70' lang='grc' dir='ltr'>οὐκ</span> <span class='ocrx_word' id='word_1_158' title='bbox 1245 1314 1416 1367; x_wconf 74' lang='grc' dir='ltr'><strong><em>ὀλίγους,</em></strong></span> <span class='ocrx_word' id='word_1_159' title='bbox 1444 1311 1505 1364; x_wconf 82' lang='grc' dir='ltr'><strong><em>οἷς</em></strong></span> <span class='ocrx_word' id='word_1_160' title='bbox 1533 1320 1665 1368; x_wconf 81' lang='grc' dir='ltr'><em>μετεῖ-</em></span> 
     </span>
     <span class='ocr_line' id='line_1_19' title="bbox 233 1378 1665 1435; baseline 0 -15"><span class='ocrx_word' id='word_1_161' title='bbox 233 1396 300 1420; x_wconf 86' lang='grc' dir='ltr'>ναι</span> <span class='ocrx_word' id='word_1_162' title='bbox 329 1378 460 1420; x_wconf 81' lang='grc' dir='ltr'><em>ἐδόκει</em></span> <span class='ocrx_word' id='word_1_163' title='bbox 489 1379 644 1435; x_wconf 73' lang='grc' dir='ltr'><em>ὁτῳοῦν</em></span> <span class='ocrx_word' id='word_1_164' title='bbox 673 1382 755 1420; x_wconf 77' lang='grc' dir='ltr'>τῶν</span> <span class='ocrx_word' id='word_1_165' title='bbox 786 1380 1053 1433; x_wconf 75' lang='grc' dir='ltr'><em>πραγμάτων,</em></span> <span class='ocrx_word' id='word_1_166' title='bbox 1086 1381 1157 1418; x_wconf 80' lang='grc' dir='ltr'><em>καί</em></span> <span class='ocrx_word' id='word_1_167' title='bbox 1188 1379 1344 1420; x_wconf 83' lang='grc' dir='ltr'><em>τούτων</em></span> <span class='ocrx_word' id='word_1_168' title='bbox 1373 1378 1538 1429; x_wconf 74' lang='grc' dir='ltr'><strong><em>ου’δενὸς</em></strong></span> <span class='ocrx_word' id='word_1_169' title='bbox 1568 1395 1665 1435; x_wconf 87' lang='grc' dir='ltr'>φει-</span> 
     </span>
     <span class='ocr_line' id='line_1_20' title="bbox 234 1439 1663 1501; baseline -0.001 -16"><span class='ocrx_word' id='word_1_170' title='bbox 234 1443 403 1496; x_wconf 76' lang='grc' dir='ltr'><em>δόμενος</em></span> <span class='ocrx_word' id='word_1_171' title='bbox 431 1442 558 1498; x_wconf 88' lang='grc' dir='ltr'><em>φόνον</em></span> <span class='ocrx_word' id='word_1_172' title='bbox 591 1446 635 1485; x_wconf 81' lang='grc' dir='ltr'>δὲ</span> <span class='ocrx_word' id='word_1_173' title='bbox 655 1445 847 1496; x_wconf 78' lang='grc' dir='ltr'><em>μέγιστον</em></span> <span class='ocrx_word' id='word_1_174' title='bbox 877 1441 1100 1495; x_wconf 79' lang='grc' dir='ltr'><em>εἰργάζετο.</em></span> <span class='ocrx_word' id='word_1_175' title='bbox 1154 1443 1209 1491; x_wconf 82' lang='grc' dir='ltr'><strong><em>ὠς</em></strong></span> <span class='ocrx_word' id='word_1_176' title='bbox 1236 1445 1312 1494; x_wconf 82' lang='grc' dir='ltr'><em>μὲν</em></span> <span class='ocrx_word' id='word_1_177' title='bbox 1332 1439 1407 1484; x_wconf 76' lang='grc' dir='ltr'>οὖν</span> <span class='ocrx_word' id='word_1_178' title='bbox 1435 1445 1548 1501; x_wconf 75' lang='grc' dir='ltr'><em>αὐτῷ</em></span> <span class='ocrx_word' id='word_1_179' title='bbox 1570 1444 1663 1486; x_wconf 79' lang='grc' dir='ltr'><em>ἐδό-</em></span> 
     </span>
     <span class='ocr_line' id='line_1_21' title="bbox 233 1505 1720 1564; baseline -0.001 -15"><span class='ocrx_word' id='word_1_180' title='bbox 233 1526 293 1550; x_wconf 85' lang='grc' dir='ltr'>κει</span> <span class='ocrx_word' id='word_1_181' title='bbox 331 1510 532 1564; x_wconf 79' lang='grc' dir='ltr'><strong><em>οἷσφαλῶς</em></strong></span> <span class='ocrx_word' id='word_1_182' title='bbox 571 1507 682 1561; x_wconf 81' lang='grc' dir='ltr'><em>ἔχειν</em></span> <span class='ocrx_word' id='word_1_183' title='bbox 727 1507 775 1549; x_wconf 79' lang='grc' dir='ltr'>τοὶ</span> <span class='ocrx_word' id='word_1_184' title='bbox 809 1510 968 1554; x_wconf 82' lang='grc' dir='ltr'><em>Δακίας</em></span> <span class='ocrx_word' id='word_1_185' title='bbox 1006 1505 1251 1560; x_wconf 76' lang='grc' dir='ltr'><em>πράγματα,</em></span> <span class='ocrx_word' id='word_1_186' title='bbox 1294 1508 1534 1560; x_wconf 75' lang='grc' dir='ltr'>ἐβουλεύετο</span> <span class='ocrx_word' id='word_1_187' title='bbox 1561 1508 1720 1560; x_wconf 65' lang='grc' dir='ltr'><strong><em>ἀπό-20</em></strong></span> 
     </span>
     <span class='ocr_line' id='line_1_22' title="bbox 233 1569 1664 1628; baseline -0.001 -13"><span class='ocrx_word' id='word_1_188' title='bbox 233 1591 380 1616; x_wconf 86' lang='grc' dir='ltr'>στασιν</span> <span class='ocrx_word' id='word_1_189' title='bbox 408 1573 490 1615; x_wconf 84' lang='grc' dir='ltr'>α’πὸ</span> <span class='ocrx_word' id='word_1_190' title='bbox 522 1576 598 1614; x_wconf 76' lang='grc' dir='ltr'>τοῦ</span> <span class='ocrx_word' id='word_1_191' title='bbox 624 1575 841 1624; x_wconf 79' lang='grc' dir='ltr'><strong><em>βασιλέως.</em></strong></span> <span class='ocrx_word' id='word_1_192' title='bbox 915 1574 1155 1625; x_wconf 76' lang='grc' dir='ltr'><em>ἐτιμωρεῖτο</em></span> <span class='ocrx_word' id='word_1_193' title='bbox 1191 1573 1334 1623; x_wconf 81' lang='grc' dir='ltr'><em>μέντοι</em></span> <span class='ocrx_word' id='word_1_194' title='bbox 1377 1573 1472 1620; x_wconf 78' lang='grc' dir='ltr'><strong><em>τοὺς</em></strong></span> <span class='ocrx_word' id='word_1_195' title='bbox 1508 1569 1664 1628; x_wconf 66' lang='grc' dir='ltr'>ἄνδρας</span> 
     </span>
     <span class='ocr_line' id='line_1_23' title="bbox 234 1635 1665 1694; baseline -0.003 -13"><span class='ocrx_word' id='word_1_196' title='bbox 234 1640 405 1687; x_wconf 82' lang='grc' dir='ltr'><strong><em>τούτους</em></strong></span> <span class='ocrx_word' id='word_1_197' title='bbox 433 1636 571 1694; x_wconf 80' lang='grc' dir='ltr'><em>γνώμῃ</em></span> <span class='ocrx_word' id='word_1_198' title='bbox 599 1642 672 1680; x_wconf 86' lang='grc' dir='ltr'>τοῦ</span> <span class='ocrx_word' id='word_1_199' title='bbox 699 1639 930 1690; x_wconf 80' lang='grc' dir='ltr'><strong><em>βασιλέως,</em></strong></span> <span class='ocrx_word' id='word_1_200' title='bbox 957 1635 1012 1683; x_wconf 78' lang='grc' dir='ltr'><strong><em>ὡς</em></strong></span> <span class='ocrx_word' id='word_1_201' title='bbox 1039 1635 1090 1677; x_wconf 71' lang='grc' dir='ltr'>ἄν</span> <span class='ocrx_word' id='word_1_202' title='bbox 1117 1639 1232 1692; x_wconf 72' lang='grc' dir='ltr'>αὐτῷ</span> <span class='ocrx_word' id='word_1_203' title='bbox 1259 1637 1452 1690; x_wconf 77' lang='grc' dir='ltr'>κρατύνοι</span> <span class='ocrx_word' id='word_1_204' title='bbox 1483 1637 1560 1692; x_wconf 75' lang='grc' dir='ltr'>τὴν</span> <span class='ocrx_word' id='word_1_205' title='bbox 1590 1639 1665 1692; x_wconf 87' lang='grc' dir='ltr'><strong><em>α’ρ..</em></strong></span> 
     </span>
    </p>
   </div>
   <div class='ocr_carea' id='block_1_3' title="bbox 326 1734 1663 1818">
    <p class='ocr_par' dir='ltr' id='par_1_3' title="bbox 326 1734 1663 1818">
     <span class='ocr_line' id='line_1_24' title="bbox 327 1734 1663 1817; baseline 0 -47"><span class='ocrx_word' id='word_1_206' title='bbox 327 1738 357 1770; x_wconf 83' lang='grc'>7.</span> <span class='ocrx_word' id='word_1_207' title='bbox 383 1737 576 1817; x_wconf 55' lang='grc' dir='ltr'><em>μετέχέινῗ</em></span> <span class='ocrx_word' id='word_1_208' title='bbox 717 1736 770 1770; x_wconf 85' lang='grc'>13.</span> <span class='ocrx_word' id='word_1_209' title='bbox 810 1735 937 1774; x_wconf 80' lang='grc' dir='ltr'><strong><em>ἄλλους</em></strong></span> <span class='ocrx_word' id='word_1_210' title='bbox 962 1737 986 1768; x_wconf 84' lang='lat' dir='ltr'><strong>R</strong></span> <span class='ocrx_word' id='word_1_211' title='bbox 1129 1734 1182 1768; x_wconf 85' lang='lat'>18.</span> <span class='ocrx_word' id='word_1_212' title='bbox 1208 1735 1360 1772; x_wconf 74' lang='grc' dir='ltr'><em>ὁτιοῦνῗ</em></span> <span class='ocrx_word' id='word_1_213' title='bbox 1388 1746 1434 1768; x_wconf 90' lang='lat' dir='ltr'>an</span> <span class='ocrx_word' id='word_1_214' title='bbox 1466 1736 1663 1772; x_wconf 70' lang='grc' dir='ltr'>ὄπωσοῦνῒ</span> 
     </span>
     <span class='ocr_line' id='line_1_25' title="bbox 326 1795 458 1818; baseline 0.008 -1"><span class='ocrx_word' id='word_1_215' title='bbox 326 1795 458 1818; x_wconf 82' lang='grc' dir='ltr'><strong><em>τουτου</em></strong></span> 
     </span>
    </p>
   </div>
   <div class='ocr_carea' id='block_1_4' title="bbox 235 1870 1664 2746">
    <p class='ocr_par' dir='ltr' id='par_1_4' title="bbox 235 1870 1664 2746">
     <span class='ocr_line' id='line_1_26' title="bbox 237 1870 1663 1916; baseline -0.001 -11"><span class='ocrx_word' id='word_1_216' title='bbox 237 1874 346 1906; x_wconf 86' lang='lat' dir='ltr'>utitur</span> <span class='ocrx_word' id='word_1_217' title='bbox 372 1883 443 1904; x_wconf 83' lang='lat' dir='ltr'>rex.</span> <span class='ocrx_word' id='word_1_218' title='bbox 494 1883 612 1904; x_wconf 90' lang='lat' dir='ltr'>verum</span> <span class='ocrx_word' id='word_1_219' title='bbox 639 1871 733 1903; x_wconf 85' lang='lat' dir='ltr'>haud</span> <span class='ocrx_word' id='word_1_220' title='bbox 759 1872 871 1904; x_wconf 87' lang='lat' dir='ltr'>multo</span> <span class='ocrx_word' id='word_1_221' title='bbox 893 1876 973 1915; x_wconf 85' lang='lat' dir='ltr'>post</span> <span class='ocrx_word' id='word_1_222' title='bbox 997 1872 1096 1915; x_wconf 86' lang='lat' dir='ltr'>pueri</span> <span class='ocrx_word' id='word_1_223' title='bbox 1126 1870 1227 1903; x_wconf 85' lang='lat' dir='ltr'>huius</span> <span class='ocrx_word' id='word_1_224' title='bbox 1250 1870 1363 1911; x_wconf 83' lang='lat' dir='ltr'>fratri,</span> <span class='ocrx_word' id='word_1_225' title='bbox 1387 1881 1490 1916; x_wconf 88' lang='lat' dir='ltr'>quem</span> <span class='ocrx_word' id='word_1_226' title='bbox 1517 1870 1663 1903; x_wconf 84' lang='lat' dir='ltr'>Bladum</span> 
     </span>
     <span class='ocr_line' id='line_1_27' title="bbox 235 1917 1664 1961; baseline -0.001 -10"><span class='ocrx_word' id='word_1_227' title='bbox 235 1920 442 1958; x_wconf 83' lang='lat' dir='ltr'>nominant,</span> <span class='ocrx_word' id='word_1_228' title='bbox 471 1918 601 1950; x_wconf 81' lang='lat' dir='ltr'>Daciae</span> <span class='ocrx_word' id='word_1_229' title='bbox 626 1918 860 1961; x_wconf 76' lang='lat' dir='ltr'>principatum</span> <span class='ocrx_word' id='word_1_230' title='bbox 888 1928 945 1949; x_wconf 82' lang='lat' dir='ltr'>rex</span> <span class='ocrx_word' id='word_1_231' title='bbox 970 1917 1140 1961; x_wconf 82' lang='lat' dir='ltr'>permisit.</span> <span class='ocrx_word' id='word_1_232' title='bbox 1191 1928 1298 1961; x_wconf 89' lang='lat' dir='ltr'>opera</span> <span class='ocrx_word' id='word_1_233' title='bbox 1315 1918 1423 1960; x_wconf 82' lang='lat' dir='ltr'>igitur</span> <span class='ocrx_word' id='word_1_234' title='bbox 1446 1917 1534 1959; x_wconf 86' lang='lat' dir='ltr'>regis</span> <span class='ocrx_word' id='word_1_235' title='bbox 1562 1917 1664 1949; x_wconf 88' lang='lat' dir='ltr'>adiu-</span> 
     </span>
     <span class='ocr_line' id='line_1_28' title="bbox 236 1963 1663 2008; baseline -0.003 -11"><span class='ocrx_word' id='word_1_236' title='bbox 236 1972 303 2004; x_wconf 86' lang='lat' dir='ltr'>tus,</span> <span class='ocrx_word' id='word_1_237' title='bbox 326 1963 495 1997; x_wconf 85' lang='lat' dir='ltr'>accedens</span> <span class='ocrx_word' id='word_1_238' title='bbox 530 1963 677 2003; x_wconf 73' lang='lat' dir='ltr'>Bladus,</span> <span class='ocrx_word' id='word_1_239' title='bbox 704 1964 862 1996; x_wconf 85' lang='lat' dir='ltr'>Draculis</span> <span class='ocrx_word' id='word_1_240' title='bbox 888 1963 1005 2002; x_wconf 85' lang='lat' dir='ltr'>filius,</span> <span class='ocrx_word' id='word_1_241' title='bbox 1037 1964 1274 2008; x_wconf 84' lang='lat' dir='ltr'>principatum</span> <span class='ocrx_word' id='word_1_242' title='bbox 1304 1963 1431 1995; x_wconf 80' lang='lat' dir='ltr'>Daciae</span> <span class='ocrx_word' id='word_1_243' title='bbox 1465 1963 1663 2007; x_wconf 82' lang='lat' dir='ltr'>occupavit.</span> 
     </span>
     <span class='ocr_line' id='line_1_29' title="bbox 236 2008 1662 2055; baseline -0.001 -12"><span class='ocrx_word' id='word_1_244' title='bbox 236 2012 297 2043; x_wconf 86' lang='lat' dir='ltr'>ubi</span> <span class='ocrx_word' id='word_1_245' title='bbox 323 2012 474 2055; x_wconf 87' lang='lat' dir='ltr'>primum</span> <span class='ocrx_word' id='word_1_246' title='bbox 513 2011 550 2042; x_wconf 88' lang='lat' dir='ltr'>in</span> <span class='ocrx_word' id='word_1_247' title='bbox 589 2010 824 2054; x_wconf 72' lang='lat' dir='ltr'>principatum</span> <span class='ocrx_word' id='word_1_248' title='bbox 851 2015 1031 2053; x_wconf 86' lang='lat' dir='ltr'>promotus</span> <span class='ocrx_word' id='word_1_249' title='bbox 1058 2015 1121 2049; x_wconf 86' lang='lat' dir='ltr'>est,</span> <span class='ocrx_word' id='word_1_250' title='bbox 1147 2010 1303 2042; x_wconf 84' lang='lat' dir='ltr'>hastatos</span> <span class='ocrx_word' id='word_1_251' title='bbox 1329 2008 1482 2053; x_wconf 84' lang='lat' dir='ltr'>delegit,</span> <span class='ocrx_word' id='word_1_252' title='bbox 1510 2020 1598 2053; x_wconf 87' lang='lat' dir='ltr'>quos</span> <span class='ocrx_word' id='word_1_253' title='bbox 1623 2009 1662 2042; x_wconf 76' lang='lat' dir='ltr'>in</span> 
     </span>
     <span class='ocr_line' id='line_1_30' title="bbox 236 2054 1664 2100; baseline -0.002 -10"><span class='ocrx_word' id='word_1_254' title='bbox 236 2059 434 2090; x_wconf 88' lang='lat' dir='ltr'>convictum</span> <span class='ocrx_word' id='word_1_255' title='bbox 474 2055 652 2088; x_wconf 86' lang='lat' dir='ltr'>adhibitos</span> <span class='ocrx_word' id='word_1_256' title='bbox 692 2056 847 2100; x_wconf 85' lang='lat' dir='ltr'>corporis</span> <span class='ocrx_word' id='word_1_257' title='bbox 881 2056 933 2087; x_wconf 89' lang='lat' dir='ltr'>sui</span> <span class='ocrx_word' id='word_1_258' title='bbox 981 2055 1145 2088; x_wconf 84' lang='lat' dir='ltr'><strong>custodes</strong></span> <span class='ocrx_word' id='word_1_259' title='bbox 1181 2056 1389 2098; x_wconf 81' lang='lat' dir='ltr'>designavit.</span> <span class='ocrx_word' id='word_1_260' title='bbox 1448 2054 1576 2087; x_wconf 86' lang='lat' dir='ltr'>deinde</span> <span class='ocrx_word' id='word_1_261' title='bbox 1599 2066 1664 2087; x_wconf 88' lang='lat' dir='ltr'>vo-</span> 
     </span>
     <span class='ocr_line' id='line_1_31' title="bbox 238 2101 1664 2146; baseline -0.001 -11"><span class='ocrx_word' id='word_1_262' title='bbox 238 2115 319 2136; x_wconf 82' lang='lat' dir='ltr'>cans</span> <span class='ocrx_word' id='word_1_263' title='bbox 349 2102 505 2145; x_wconf 81' lang='lat' dir='ltr'>singulos</span> <span class='ocrx_word' id='word_1_264' title='bbox 543 2102 605 2146; x_wconf 87' lang='lat' dir='ltr'>qui</span> <span class='ocrx_word' id='word_1_265' title='bbox 631 2102 668 2133; x_wconf 90' lang='lat' dir='ltr'>in</span> <span class='ocrx_word' id='word_1_266' title='bbox 696 2112 735 2132; x_wconf 87' lang='lat' dir='ltr'>ea</span> <span class='ocrx_word' id='word_1_267' title='bbox 762 2103 903 2144; x_wconf 82' lang='lat' dir='ltr'>regione</span> <span class='ocrx_word' id='word_1_268' title='bbox 929 2101 1100 2144; x_wconf 78' lang='lat' dir='ltr'>dignitate</span> <span class='ocrx_word' id='word_1_269' title='bbox 1126 2102 1298 2134; x_wconf 77' lang='lat' dir='ltr'>excellere</span> <span class='ocrx_word' id='word_1_270' title='bbox 1323 2101 1536 2133; x_wconf 89' lang='lat' dir='ltr'>videbantur</span> <span class='ocrx_word' id='word_1_271' title='bbox 1558 2111 1664 2144; x_wconf 86' lang='lat' dir='ltr'>quos-</span> 
     </span>
     <span class='ocr_line' id='line_1_32' title="bbox 239 2147 1660 2195; baseline -0.002 -14"><span class='ocrx_word' id='word_1_272' title='bbox 239 2160 307 2195; x_wconf 86' lang='lat' dir='ltr'>que</span> <span class='ocrx_word' id='word_1_273' title='bbox 336 2149 496 2193; x_wconf 85' lang='lat' dir='ltr'>putabat,</span> <span class='ocrx_word' id='word_1_274' title='bbox 525 2149 551 2180; x_wconf 89' lang='lat' dir='ltr'>si</span> <span class='ocrx_word' id='word_1_275' title='bbox 577 2148 647 2179; x_wconf 85' lang='lat' dir='ltr'>dux</span> <span class='ocrx_word' id='word_1_276' title='bbox 685 2147 871 2179; x_wconf 89' lang='lat' dir='ltr'>mutandus</span> <span class='ocrx_word' id='word_1_277' title='bbox 906 2153 1018 2187; x_wconf 86' lang='lat' dir='ltr'>esset,</span> <span class='ocrx_word' id='word_1_278' title='bbox 1042 2147 1254 2191; x_wconf 80' lang='lat' dir='ltr'>proditionis</span> <span class='ocrx_word' id='word_1_279' title='bbox 1283 2148 1429 2178; x_wconf 87' lang='lat' dir='ltr'>consilia</span> <span class='ocrx_word' id='word_1_280' title='bbox 1456 2147 1660 2189; x_wconf 72' lang='lat' dir='ltr'>agitatores,</span> 
     </span>
     <span class='ocr_line' id='line_1_33' title="bbox 238 2189 1664 2239; baseline -0.003 -11"><span class='ocrx_word' id='word_1_281' title='bbox 238 2195 316 2234; x_wconf 87' lang='lat' dir='ltr'>hos,</span> <span class='ocrx_word' id='word_1_282' title='bbox 340 2196 504 2239; x_wconf 84' lang='lat' dir='ltr'>inquam,</span> <span class='ocrx_word' id='word_1_283' title='bbox 541 2205 660 2226; x_wconf 85' lang='lat' dir='ltr'>omnes</span> <span class='ocrx_word' id='word_1_284' title='bbox 685 2203 763 2225; x_wconf 86' lang='lat' dir='ltr'>cum</span> <span class='ocrx_word' id='word_1_285' title='bbox 789 2199 861 2225; x_wconf 86' lang='lat' dir='ltr'>tota</span> <span class='ocrx_word' id='word_1_286' title='bbox 889 2193 1023 2225; x_wconf 84' lang='lat' dir='ltr'>familia</span> <span class='ocrx_word' id='word_1_287' title='bbox 1056 2193 1128 2225; x_wconf 88' lang='lat' dir='ltr'>leto</span> <span class='ocrx_word' id='word_1_288' title='bbox 1153 2193 1253 2225; x_wconf 83' lang='lat' dir='ltr'>dedit</span> <span class='ocrx_word' id='word_1_289' title='bbox 1279 2199 1314 2225; x_wconf 84' lang='lat' dir='ltr'>et</span> <span class='ocrx_word' id='word_1_290' title='bbox 1340 2189 1428 2236; x_wconf 84' lang='lat' dir='ltr'>palis</span> <span class='ocrx_word' id='word_1_291' title='bbox 1457 2193 1573 2231; x_wconf 68' lang='lat' dir='ltr'>affixit,</span> <span class='ocrx_word' id='word_1_292' title='bbox 1598 2203 1664 2224; x_wconf 88' lang='lat' dir='ltr'>nec</span> 
     </span>
     <span class='ocr_line' id='line_1_34' title="bbox 239 2239 1661 2284; baseline -0.004 -10"><span class='ocrx_word' id='word_1_293' title='bbox 239 2242 362 2274; x_wconf 84' lang='lat' dir='ltr'>liberis</span> <span class='ocrx_word' id='word_1_294' title='bbox 390 2241 555 2273; x_wconf 75' lang='lat' dir='ltr'>uxoribus</span> <span class='ocrx_word' id='word_1_295' title='bbox 595 2240 805 2284; x_wconf 73' lang='lat' dir='ltr'>famulisque</span> <span class='ocrx_word' id='word_1_296' title='bbox 843 2250 962 2270; x_wconf 82' lang='lat' dir='ltr'>eorum</span> <span class='ocrx_word' id='word_1_297' title='bbox 987 2250 1144 2283; x_wconf 84' lang='lat' dir='ltr'>parcens.</span> <span class='ocrx_word' id='word_1_298' title='bbox 1194 2239 1281 2271; x_wconf 87' lang='lat' dir='ltr'>adeo</span> <span class='ocrx_word' id='word_1_299' title='bbox 1307 2239 1358 2271; x_wconf 87' lang='lat' dir='ltr'>vir</span> <span class='ocrx_word' id='word_1_300' title='bbox 1386 2239 1448 2270; x_wconf 91' lang='lat' dir='ltr'>ille</span> <span class='ocrx_word' id='word_1_301' title='bbox 1473 2239 1661 2271; x_wconf 78' lang='lat' dir='ltr'>maximam</span> 
     </span>
     <span class='ocr_line' id='line_1_35' title="bbox 240 2284 1664 2331; baseline -0.003 -11"><span class='ocrx_word' id='word_1_302' title='bbox 240 2289 409 2326; x_wconf 88' lang='lat' dir='ltr'>omnium,</span> <span class='ocrx_word' id='word_1_303' title='bbox 439 2297 527 2331; x_wconf 85' lang='lat' dir='ltr'>quos</span> <span class='ocrx_word' id='word_1_304' title='bbox 556 2286 728 2324; x_wconf 86' lang='lat' dir='ltr'>novimus,</span> <span class='ocrx_word' id='word_1_305' title='bbox 754 2284 894 2316; x_wconf 83' lang='lat' dir='ltr'>caedem</span> <span class='ocrx_word' id='word_1_306' title='bbox 933 2290 969 2317; x_wconf 82' lang='lat' dir='ltr'>et</span> <span class='ocrx_word' id='word_1_307' title='bbox 993 2291 1140 2327; x_wconf 85' lang='lat' dir='ltr'>stragem</span> <span class='ocrx_word' id='word_1_308' title='bbox 1168 2284 1348 2316; x_wconf 86' lang='lat' dir='ltr'>hominum</span> <span class='ocrx_word' id='word_1_309' title='bbox 1377 2285 1470 2317; x_wconf 85' lang='lat' dir='ltr'>fecit.</span> <span class='ocrx_word' id='word_1_310' title='bbox 1518 2295 1598 2317; x_wconf 87' lang='lat' dir='ltr'>nam</span> <span class='ocrx_word' id='word_1_311' title='bbox 1624 2290 1664 2316; x_wconf 90' lang='lat' dir='ltr'>ut</span> 
     </span>
     <span class='ocr_line' id='line_1_36' title="bbox 242 2330 1661 2375; baseline -0.003 -9"><span class='ocrx_word' id='word_1_312' title='bbox 242 2335 307 2366; x_wconf 82' lang='lat' dir='ltr'>sibi</span> <span class='ocrx_word' id='word_1_313' title='bbox 334 2333 578 2366; x_wconf 84' lang='lat' dir='ltr'>constabiliret</span> <span class='ocrx_word' id='word_1_314' title='bbox 606 2332 733 2364; x_wconf 80' lang='lat' dir='ltr'>Daciae</span> <span class='ocrx_word' id='word_1_315' title='bbox 761 2331 1022 2374; x_wconf 84' lang='lat' dir='ltr'>principatum,</span> <span class='ocrx_word' id='word_1_316' title='bbox 1049 2331 1159 2363; x_wconf 84' lang='lat' dir='ltr'>fertur</span> <span class='ocrx_word' id='word_1_317' title='bbox 1184 2330 1350 2363; x_wconf 84' lang='lat' dir='ltr'>occidisse</span> <span class='ocrx_word' id='word_1_318' title='bbox 1379 2330 1475 2363; x_wconf 88' lang='lat' dir='ltr'>brevi</span> <span class='ocrx_word' id='word_1_319' title='bbox 1504 2335 1661 2375; x_wconf 86' lang='lat' dir='ltr'>tempore</span> 
     </span>
     <span class='ocr_line' id='line_1_37' title="bbox 241 2378 1663 2422; baseline -0.004 -10"><span class='ocrx_word' id='word_1_320' title='bbox 241 2381 378 2412; x_wconf 78' lang='lat' dir='ltr'>circiter</span> <span class='ocrx_word' id='word_1_321' title='bbox 402 2380 525 2422; x_wconf 87' lang='lat' dir='ltr'>viginti</span> <span class='ocrx_word' id='word_1_322' title='bbox 552 2378 648 2410; x_wconf 85' lang='lat' dir='ltr'>milia</span> <span class='ocrx_word' id='word_1_323' title='bbox 672 2378 823 2410; x_wconf 88' lang='lat' dir='ltr'>virorum</span> <span class='ocrx_word' id='word_1_324' title='bbox 850 2381 885 2408; x_wconf 84' lang='lat' dir='ltr'>et</span> <span class='ocrx_word' id='word_1_325' title='bbox 912 2378 1095 2409; x_wconf 86' lang='lat' dir='ltr'>mulierum</span> <span class='ocrx_word' id='word_1_326' title='bbox 1126 2387 1396 2421; x_wconf 84' lang='lat' dir='ltr'>puerorumque.</span> <span class='ocrx_word' id='word_1_327' title='bbox 1444 2387 1520 2408; x_wconf 89' lang='lat' dir='ltr'>cum</span> <span class='ocrx_word' id='word_1_328' title='bbox 1542 2381 1663 2408; x_wconf 79' lang='lat' dir='ltr'>autem</span> 
     </span>
     <span class='ocr_line' id='line_1_38' title="bbox 240 2421 1662 2470; baseline -0.003 -12"><span class='ocrx_word' id='word_1_329' title='bbox 240 2426 407 2470; x_wconf 87' lang='lat' dir='ltr'>pulchros</span> <span class='ocrx_word' id='word_1_330' title='bbox 435 2431 471 2457; x_wconf 88' lang='lat' dir='ltr'>et</span> <span class='ocrx_word' id='word_1_331' title='bbox 494 2425 648 2468; x_wconf 75' lang='lat' dir='ltr'>egregios</span> <span class='ocrx_word' id='word_1_332' title='bbox 673 2423 843 2468; x_wconf 85' lang='lat' dir='ltr'>quosdam</span> <span class='ocrx_word' id='word_1_333' title='bbox 868 2422 1055 2465; x_wconf 83' lang='lat' dir='ltr'>delegisset</span> <span class='ocrx_word' id='word_1_334' title='bbox 1080 2424 1209 2455; x_wconf 79' lang='lat' dir='ltr'>milites</span> <span class='ocrx_word' id='word_1_335' title='bbox 1235 2428 1271 2455; x_wconf 85' lang='lat' dir='ltr'>et</span> <span class='ocrx_word' id='word_1_336' title='bbox 1298 2423 1486 2463; x_wconf 79' lang='lat' dir='ltr'>satellites,</span> <span class='ocrx_word' id='word_1_337' title='bbox 1513 2431 1571 2455; x_wconf 75' lang='lat' dir='ltr'>eos</span> <span class='ocrx_word' id='word_1_338' title='bbox 1597 2421 1662 2454; x_wconf 87' lang='lat' dir='ltr'>do-</span> 
     </span>
     <span class='ocr_line' id='line_1_39' title="bbox 241 2467 1660 2516; baseline -0.004 -12"><span class='ocrx_word' id='word_1_339' title='bbox 241 2473 350 2504; x_wconf 87' lang='lat' dir='ltr'>nabat</span> <span class='ocrx_word' id='word_1_340' title='bbox 372 2471 498 2516; x_wconf 84' lang='lat' dir='ltr'>opibus</span> <span class='ocrx_word' id='word_1_341' title='bbox 525 2477 560 2503; x_wconf 88' lang='lat' dir='ltr'>et</span> <span class='ocrx_word' id='word_1_342' title='bbox 588 2469 733 2509; x_wconf 86' lang='lat' dir='ltr'>divitiis,</span> <span class='ocrx_word' id='word_1_343' title='bbox 761 2479 898 2500; x_wconf 82' lang='lat' dir='ltr'>necnon</span> <span class='ocrx_word' id='word_1_344' title='bbox 924 2469 1061 2513; x_wconf 89' lang='lat' dir='ltr'>reliqua</span> <span class='ocrx_word' id='word_1_345' title='bbox 1090 2470 1260 2501; x_wconf 85' lang='lat' dir='ltr'>felicitate</span> <span class='ocrx_word' id='word_1_346' title='bbox 1286 2480 1390 2513; x_wconf 79' lang='lat' dir='ltr'>quam</span> <span class='ocrx_word' id='word_1_347' title='bbox 1418 2480 1460 2501; x_wconf 81' lang='lat' dir='ltr'>ex</span> <span class='ocrx_word' id='word_1_348' title='bbox 1485 2467 1591 2501; x_wconf 81' lang='lat' dir='ltr'>caede</span> <span class='ocrx_word' id='word_1_349' title='bbox 1615 2469 1660 2500; x_wconf 91' lang='lat' dir='ltr'>il—</span> 
     </span>
     <span class='ocr_line' id='line_1_40' title="bbox 243 2515 1663 2561; baseline -0.002 -12"><span class='ocrx_word' id='word_1_350' title='bbox 243 2519 355 2550; x_wconf 87' lang='lat' dir='ltr'>lorum</span> <span class='ocrx_word' id='word_1_351' title='bbox 383 2517 636 2561; x_wconf 83' lang='lat' dir='ltr'>acquisivisset.</span> <span class='ocrx_word' id='word_1_352' title='bbox 683 2517 817 2559; x_wconf 78' lang='lat' dir='ltr'>itaque</span> <span class='ocrx_word' id='word_1_353' title='bbox 851 2515 944 2546; x_wconf 85' lang='lat' dir='ltr'>brevi</span> <span class='ocrx_word' id='word_1_354' title='bbox 982 2521 1139 2559; x_wconf 87' lang='lat' dir='ltr'>tempore</span> <span class='ocrx_word' id='word_1_355' title='bbox 1175 2516 1225 2547; x_wconf 85' lang='lat' dir='ltr'>vir</span> <span class='ocrx_word' id='word_1_356' title='bbox 1253 2515 1314 2546; x_wconf 89' lang='lat' dir='ltr'>ille</span> <span class='ocrx_word' id='word_1_357' title='bbox 1339 2515 1602 2547; x_wconf 84' lang='lat' dir='ltr'>innovationem</span> <span class='ocrx_word' id='word_1_358' title='bbox 1627 2519 1663 2546; x_wconf 83' lang='lat' dir='ltr'>et</span> 
     </span>
     <span class='ocr_line' id='line_1_41' title="bbox 242 2560 1662 2605; baseline -0.003 -9"><span class='ocrx_word' id='word_1_359' title='bbox 242 2565 470 2596; x_wconf 82' lang='lat' dir='ltr'>mutationem</span> <span class='ocrx_word' id='word_1_360' title='bbox 498 2564 623 2594; x_wconf 82' lang='lat' dir='ltr'>Daciae</span> <span class='ocrx_word' id='word_1_361' title='bbox 650 2562 752 2594; x_wconf 88' lang='lat' dir='ltr'>rebus</span> <span class='ocrx_word' id='word_1_362' title='bbox 771 2560 911 2594; x_wconf 73' lang='lat' dir='ltr'>induxit</span> <span class='ocrx_word' id='word_1_363' title='bbox 934 2562 1130 2593; x_wconf 81' lang='lat' dir='ltr'>maximam.</span> <span class='ocrx_word' id='word_1_364' title='bbox 1180 2568 1358 2605; x_wconf 84' lang='lat' dir='ltr'>praeterea</span> <span class='ocrx_word' id='word_1_365' title='bbox 1386 2562 1566 2593; x_wconf 78' lang='lat' dir='ltr'>Pannones</span> <span class='ocrx_word' id='word_1_366' title='bbox 1591 2571 1662 2592; x_wconf 85' lang='lat' dir='ltr'>non</span> 
     </span>
     <span class='ocr_line' id='line_1_42' title="bbox 243 2605 1661 2655; baseline -0.002 -15"><span class='ocrx_word' id='word_1_367' title='bbox 243 2621 385 2655; x_wconf 75' lang='lat' dir='ltr'>paucos,</span> <span class='ocrx_word' id='word_1_368' title='bbox 412 2621 559 2654; x_wconf 85' lang='lat' dir='ltr'>quornm</span> <span class='ocrx_word' id='word_1_369' title='bbox 589 2610 759 2641; x_wconf 82' lang='lat' dir='ltr'>interesse</span> <span class='ocrx_word' id='word_1_370' title='bbox 784 2606 933 2651; x_wconf 82' lang='lat' dir='ltr'>putabat</span> <span class='ocrx_word' id='word_1_371' title='bbox 958 2613 996 2639; x_wconf 92' lang='lat' dir='ltr'>ut</span> <span class='ocrx_word' id='word_1_372' title='bbox 1033 2619 1084 2639; x_wconf 88' lang='lat' dir='ltr'>res</span> <span class='ocrx_word' id='word_1_373' title='bbox 1112 2607 1239 2639; x_wconf 79' lang='lat' dir='ltr'>Daciae</span> <span class='ocrx_word' id='word_1_374' title='bbox 1264 2618 1408 2652; x_wconf 85' lang='lat' dir='ltr'>quoquo</span> <span class='ocrx_word' id='word_1_375' title='bbox 1437 2606 1542 2639; x_wconf 87' lang='lat' dir='ltr'>modo</span> <span class='ocrx_word' id='word_1_376' title='bbox 1569 2605 1661 2638; x_wconf 80' lang='lat' dir='ltr'>bene</span> 
     </span>
     <span class='ocr_line' id='line_1_43' title="bbox 243 2652 1661 2699; baseline -0.004 -12"><span class='ocrx_word' id='word_1_377' title='bbox 243 2655 427 2695; x_wconf 83' lang='lat' dir='ltr'>haberent,</span> <span class='ocrx_word' id='word_1_378' title='bbox 451 2656 541 2687; x_wconf 87' lang='lat' dir='ltr'>nulli</span> <span class='ocrx_word' id='word_1_379' title='bbox 571 2665 728 2699; x_wconf 85' lang='lat' dir='ltr'>parcens,</span> <span class='ocrx_word' id='word_1_380' title='bbox 755 2653 888 2686; x_wconf 84' lang='lat' dir='ltr'>tributo</span> <span class='ocrx_word' id='word_1_381' title='bbox 903 2654 1052 2686; x_wconf 85' lang='lat' dir='ltr'>maximo</span> <span class='ocrx_word' id='word_1_382' title='bbox 1078 2654 1259 2686; x_wconf 84' lang='lat' dir='ltr'>onerabat.</span> <span class='ocrx_word' id='word_1_383' title='bbox 1307 2664 1383 2685; x_wconf 87' lang='lat' dir='ltr'>cum</span> <span class='ocrx_word' id='word_1_384' title='bbox 1409 2652 1566 2685; x_wconf 85' lang='lat' dir='ltr'>crederet</span> <span class='ocrx_word' id='word_1_385' title='bbox 1592 2652 1661 2683; x_wconf 83' lang='lat' dir='ltr'>Da-</span> 
     </span>
     <span class='ocr_line' id='line_1_44' title="bbox 245 2697 1662 2746; baseline -0.004 -12"><span class='ocrx_word' id='word_1_386' title='bbox 245 2703 319 2734; x_wconf 82' lang='lat' dir='ltr'>ciae</span> <span class='ocrx_word' id='word_1_387' title='bbox 347 2702 584 2746; x_wconf 84' lang='lat' dir='ltr'>principatum</span> <span class='ocrx_word' id='word_1_388' title='bbox 606 2701 675 2733; x_wconf 84' lang='lat' dir='ltr'>iam</span> <span class='ocrx_word' id='word_1_389' title='bbox 701 2700 783 2733; x_wconf 81' lang='lat' dir='ltr'>satis</span> <span class='ocrx_word' id='word_1_390' title='bbox 804 2699 943 2733; x_wconf 82' lang='lat' dir='ltr'>firmum</span> <span class='ocrx_word' id='word_1_391' title='bbox 973 2705 1009 2732; x_wconf 88' lang='lat' dir='ltr'>et</span> <span class='ocrx_word' id='word_1_392' title='bbox 1037 2705 1150 2732; x_wconf 84' lang='lat' dir='ltr'>tutum</span> <span class='ocrx_word' id='word_1_393' title='bbox 1180 2711 1265 2740; x_wconf 84' lang='lat' dir='ltr'>esse,</span> <span class='ocrx_word' id='word_1_394' title='bbox 1290 2699 1475 2732; x_wconf 85' lang='lat' dir='ltr'>consilium</span> <span class='ocrx_word' id='word_1_395' title='bbox 1501 2697 1662 2743; x_wconf 77' lang='lat' dir='ltr'>capiebat</span> 
     </span>
    </p>
   </div>
  </div>
 </body>
</html>
