1858 3210
505 163 578 202 DE
621 163 794 204 REBUS
835 161 1092 206 TURClClS
1131 164 1180 204 L.
1209 164 1261 204 Χ.
1511 158 1604 204 561

136 257 296 319 ᾤχοντο
325 259 562 317 φεύγοντες.
622 258 735 302 οὕτω
763 259 814 315 δὴ
845 258 1027 316 ἑσπέρας
1069 256 1199 318 οὔσης
1227 260 1610 315 συσκευασάμενος,

135 326 217 370 ἀπὸ
245 330 319 381 τῆς
350 331 576 376 Πλαταίας
601 325 746 382 χώρας
774 326 880 381 πρὸς
911 329 1170 381 Κιθαιρῶνα
1201 326 1352 376 νυκτός
1379 328 1612 382 διαπορευ-

134 396 240 450 θείς,
271 392 404 435 ἕωθεν
440 394 484 442 ἐς
507 391 578 435 τὸν
607 392 776 445 Ἰσθμὸν
812 394 964 447 παρῆν,
999 395 1072 435 καί
1099 394 1174 442 τοίς
1202 409 1247 435 τε
1287 395 1390 448 νῆας
1428 391 1610 448 ἀφεώρα

136 454 218 515 ἤδη
245 459 507 513 ἀναγομὲνας
526 490 536 509 ,
569 461 642 500 καὶ
669 458 737 503 τὸν
759 457 942 511 Ἰσθμὸν
989 457 1146 514 ἔρημον
1173 457 1423 513 καταλαβών
1450 463 1608 514 παρελ-

98 524 226 570 δθυόν
255 524 356 568 εἴσω
386 524 775 579 ἐστρατοπεδεύετο.
804 527 1003 566 ἐντεῦθεν
1032 524 1103 566 διὰ
1134 528 1207 579 τῆς
1236 527 1454 580 Κορίνθου
1486 526 1608 568 διιών

133 593 306 648 α’φίκετο
326 594 369 640 ἐς
388 587 559 645 ’Ἀργος-
591 590 637 633 τὸ
657 593 704 634 δὲ
719 588 875 646 Ἀργος
892 597 1087 644 κατεῖχον
1107 591 1146 633 οἱ
1169 592 1378 647 Ουένετοί,
1409 591 1607 648 φρουράν

129 656 176 700 ἐν
209 657 328 716 αὐτῷ
349 654 695 712 ἐγκαταλιπόντες
718 658 970 713 ἐφύλαττον.
999 657 1177 707 τούτους
1191 660 1282 711 μέν,
1298 658 1354 708 ὥς
1371 657 1603 713 ἐπολιόρκει
1616 670 1650 703 Ρ.
1663 670 1733 704 300

127 721 347 778 ἐπελάσας,
374 725 680 779 παρεστήσατο,
711 723 786 765 καὶ
815 723 914 773 τούς
931 718 1090 779 ἄνδρας
1108 726 1308 775 δεσμίους
1338 724 1603 777 ἀποπέμπων

128 789 187 838 ὥς
213 793 410 844 βασιλέα,
438 786 599 844 ἄνδρας
629 805 672 832 τε
715 787 1016 844 ἑβδομήκοντα.
1075 793 1192 848 αὐτῷ
1217 792 1363 844 μέντοι
1390 793 1447 846 τῷ
1474 794 1604 844 βασι-

71 859 197 899 wast
219 855 363 898 οὐκέτι
391 858 599 912 ἐφαίνετο,
631 851 740 911 ὅροις
775 859 817 906 ἐς
847 856 922 911 τὴν
954 852 1276 912 Πελοπόννησον
1305 858 1501 910 ἐσβαλεῖν
1533 858 1606 900 καί

125 920 174 964 τὰ
202 919 496 976 στρατεύματα
539 922 655 980 αι’τῷ
693 924 889 975 κάμνειν·
959 919 1056 977 ἄρτι
1093 921 1151 973 ὥς
1193 923 1374 966 ἐπύθετο
1421 929 1602 979 καταλη-

125 990 289 1045 φθῆναι
331 987 404 1031 τὸν
427 985 632 1042 Ἰσθμόν,
675 990 918 1044 ἀπήλαυνεν
963 990 1100 1032 ὀπίσω
1139 989 1219 1047 ἐ’πί
1245 990 1331 1031 τῶν
1357 993 1598 1043 βασιλείων.

123 1056 451 1109 Μαχουμοιὶτης
497 1056 545 1096 δὲ
588 1054 609 1097 ὃ
639 1054 808 1110 ἡγεμών
846 1055 1006 1110 προϊών
1035 1054 1106 1098 διοὶ
1134 1058 1206 1111 τῆς
1241 1058 1392 1111 Τεγέης
1422 1057 1598 1111 ἄφίκετο

122 1123 166 1169 ἐς
195 1122 460 1176 Λεοντάριον
491 1120 628 1178 πόλιν,
657 1124 730 1163 καί
746 1123 880 1164 αὐτοῦ
909 1122 1341 1175 ἐστρατοπεδεύσατο.
1399 1124 1598 1165 ἐντεῦθεν

66 1194 110 1228 15·
122 1188 369 1229 ἄποστέλλει
401 1189 610 1242 Ζάγανον,
643 1187 693 1230 ὃν
721 1191 946 1244 ἐπέστησεν
975 1183 1160 1243 ἄρχοντα
1187 1191 1236 1246 τῇ
1268 1189 1594 1247 Πελοποννήσῳ,

119 1252 312 1307 ἐκβαλών
331 1249 506 1309 Ἰησοῦν
532 1253 604 1296 τὸν
624 1250 843 1308 Ἀλβιίνεω
870 1257 1014 1296 παῖδα.
1084 1256 1229 1297 τοῦτον
1275 1257 1322 1296 δὲ
1351 1253 1420 1296 τὸν
1448 1253 1592 1309 Ζάγα-

117 1335 190 1360 νον
219 1322 375 1372 πέμπει
404 1322 448 1369 ἐς
478 1322 662 1375 Πάτρας
701 1323 772 1376 τῆς
799 1323 973 1375 Ἀχαΐας
1007 1321 1082 1364 καί
1106 1323 1149 1372 ἐς
1189 1320 1264 1372 τοὶς
1292 1317 1425 1370 ἄλλας
1456 1322 1628 1365 αὕτοῦΒ

116 1384 249 1443 ταύτῃ
276 1385 433 1439 πόλεις,
464 1388 690 1441 ὲχυραῖσαί
710 1403 755 1429 τε
791 1387 867 1436 τοὶς
893 1388 1142 1442 ἀκροπόλεις
1186 1391 1337 1437 σιτιόις
1360 1404 1405 1429 τε
1438 1387 1512 1430 καί
1537 1390 1593 1445 τῇ

117 1445 224 1509 ἄλλῃ
252 1457 516 1510 παρασκευῇ.
560 1452 718 1509 Ὀμάρη
750 1455 796 1496 δὲ
829 1457 1043 1497 ἐκέλευσεν
1072 1454 1334 1508 ἀναλαβόντα
1365 1454 1437 1497 τόν
1461 1472 1591 1508 στρα-

57 1515 199 1571 2οτόν,
230 1517 289 1567 ὥς
319 1520 586 1575 δισμυρίους,
616 1522 866 1575 ἐπιδραμεῖν
897 1519 972 1573 την
1012 1520 1224 1563 Οὕενετοὸν
1252 1519 1411 1576 χώραν.
1472 1515 1590 1570 οὗτος

112 1587 191 1637 μὲν
219 1581 298 1627 οὖν
339 1586 602 1640 παραλαβών
639 1586 683 1628 τὸ
731 1586 979 1641 στράτευμα
1025 1588 1201 1643 α’φίκετο
1231 1589 1274 1636 ἐς
1301 1586 1352 1630 τὰ
1387 1588 1486 1641 περὶ
1512 1589 1588 1642 τήν

117 1652 332 1708 Μεθώνην
358 1656 517 1708 χωρία,
549 1655 624 1696 καί
650 1654 852 1708 πολίχνην
870 1653 1258 1709 παραστησάμενος,
1286 1653 1385 1703 τούς
1416 1654 1584 1710 ἀνθρώ·
1600 1665 1642 1699 V.
1655 1665 1725 1700 234

204 1775 240 1809 4.
270 1775 519 1825 «ἐπαγομένας
540 1778 565 1811 Ρ

111 1878 249 1912 Isthmo
277 1879 361 1922 fuga
384 1878 512 1912 dilabi.
562 1880 726 1914 collectis
753 1880 877 1924 itaque
910 1878 1080 1912 omnibus
1104 1878 1148 1912 ab
1178 1878 1405 1911 Plataearum
1432 1879 1578 1922 regione

109 1925 364 1972 Cithaeronem
410 1929 571 1967 veniens,
606 1939 712 1973 quem
749 1933 858 1960 noctu
895 1926 1102 1970 superavit,
1130 1926 1243 1970 prima
1268 1926 1350 1958 luce
1377 1926 1416 1958 in
1441 1925 1576 1958 Isthmo

109 1979 198 2014 erat,
223 1978 260 2006 et
284 1974 506 2007 Venetorum
542 1986 650 2008 naves
688 1975 726 2008 in
754 1985 850 2007 mare
888 1973 1060 2007 deductas
1096 1973 1421 2017 contemplabatur.
1471 1973 1575 2006 iuve-

108 2021 211 2053 niens
236 2026 356 2054 autem
389 2021 563 2054 Isthmum
601 2022 647 2055 ab
672 2022 823 2056 Venetis
848 2019 1041 2059 desertum,
1065 2021 1247 2063 ingressus
1273 2019 1411 2052 ibidem
1438 2025 1575 2053 castra-

106 2073 261 2101 metatus
286 2074 352 2109 est,
381 2068 513 2102 deinde
540 2080 604 2114 per
619 2069 833 2103 Corinthum
861 2068 1045 2112 profectus
1073 2068 1198 2111 Argos.
1247 2079 1326 2101 earu
1354 2067 1478 2100 urbem
1507 2067 1574 2100 de-

107 2114 301 2149 fensabant
339 2119 376 2150 et
406 2116 584 2149 tenebant
620 2116 844 2150 Venetorum
872 2115 1094 2160 praesidiarii
1118 2115 1278 2154 milites,
1317 2125 1408 2159 quos
1447 2125 1571 2147 omnes

107 2173 319 2206 oppugnans
348 2164 458 2208 cepit,
484 2169 520 2196 et
543 2164 705 2204 vinctos,
740 2174 821 2196 cum
844 2173 995 2196 numero
1030 2162 1152 2195 forent
1175 2163 1414 2206 septuaginta,
1442 2161 1487 2194 ad
1514 2173 1572 2194 re-

106 2219 186 2252 gem
211 2210 317 2243 misit.
365 2216 546 2244 caeterum
575 2222 638 2244 rex
671 2210 863 2243 consilium
889 2208 1050 2243 abeundi
1085 2209 1124 2241 in
1150 2209 1438 2253 Peloponnesum
1467 2208 1571 2242 abie—

106 2260 225 2290 cerat:
250 2255 400 2291 nolebat
430 2258 538 2297 enim,
563 2269 643 2290 cum
670 2257 868 2302 accepisset
892 2256 1063 2290 Isthmum
1084 2262 1298 2300 occupatum
1325 2260 1413 2295 esse.
1442 2256 1480 2289 in
1508 2256 1572 2288 Pe-

104 2303 346 2348 loponnesum
371 2305 603 2345 contendere,
628 2315 779 2349 parcens
806 2304 991 2344 exercitui,
1030 2315 1078 2336 ne
1106 2304 1256 2336 nimium
1284 2309 1320 2336 et
1347 2304 1478 2335 frustra
1504 2302 1570 2336 de-

106 2350 340 2394 saligni-etun
369 2351 432 2384 sed
476 2357 571 2385 retro
604 2353 643 2384 in
668 2353 800 2396 regiam
837 2351 939 2386 abiit.
990 2350 1234 2384 Maehumetes
1261 2351 1376 2394 regius
1407 2349 1479 2382 (lux
1506 2361 1571 2394 per

104 2397 248 2441 Tegeae
273 2399 455 2441 regionem
481 2400 548 2432 iter
576 2400 712 2432 faciens
730 2399 960 2433 Leontarium
984 2398 1095 2438 venit,
1124 2397 1184 2430 ubi
1212 2403 1248 2430 et
1266 2403 1380 2430 castra
1407 2408 1567 2429 commu—

103 2445 208 2478 nivit.
260 2445 346 2479 inde
371 2446 485 2479 mittit
508 2447 698 2490 laganum,
728 2457 833 2492 quem
858 2446 1055 2490 principem
1092 2443 1340 2489 Peloponneso
1367 2444 1567 2484 constituit,

104 2492 222 2525 eiecto
249 2503 294 2526 ex
318 2503 360 2525 eo
386 2493 592 2536 magistratu
620 2495 724 2527 Iosue
744 2493 890 2526 Albanis
916 2493 1004 2532 filio,
1032 2493 1151 2524 Patras
1170 2491 1321 2524 Achaiae
1348 2496 1384 2524 et
1412 2491 1451 2523 in
1477 2491 1565 2523 alias

104 2539 274 2572 finitimas
302 2539 435 2580 urbes,
460 2545 501 2573 ut
535 2552 631 2573 arces
656 2542 837 2574 frumento
873 2546 910 2573 et
934 2538 1199 2572 munitionibus
1224 2539 1367 2570 bellicis
1395 2537 1564 2571 firmaret.

105 2585 271 2619 Omarom
297 2586 400 2619 iubet
425 2598 606 2620 assumere
634 2590 831 2621 exercitum
861 2587 923 2632 qui
951 2585 1165 2619 continebat
1188 2585 1316 2629 viginti
1340 2585 1441 2617 milia
1465 2585 1567 2618 mili-

102 2637 193 2671 tum,
222 2638 260 2666 et
284 2633 508 2667 incursiones
535 2635 652 2667 facere
680 2635 718 2668 in
742 2635 966 2669 Venetorum
1002 2633 1196 2675 regionem.
1248 2633 1276 2665 is
1303 2633 1476 2677 imperata
1500 2631 1568 2664 im-

102 2681 202 2724 pigre
228 2680 363 2714 faciens
393 2691 472 2712 cum
497 2682 655 2715 exercitu
678 2681 781 2715 venit
804 2682 843 2715 in
870 2681 950 2713 loca
969 2679 1164 2712 Methonae
1194 2679 1357 2720 finitima,
1385 2684 1566 2725 captoque

102 2726 239 2760 ibidem
274 2726 451 2772 oppIdulo
488 2727 691 2773 oppidanos
729 2739 852 2763 omnes
877 2727 924 2760 ad
948 2726 1074 2760 ducem
1110 2725 1376 2759 Maclmmetem
1401 2725 1565 2766 abduxit,

175 2800 498 2845 Chalcocondylas
512 2826 517 2830 .
1262 2799 1307 2832 36
