1800 3172
261 183 323 232 40
573 189 789 230 LAONlCl
831 188 1338 231 CHALCOCONDYLAE

262 289 406 341 βῆναι,
436 288 506 328 καί
545 288 733 342 φωνῆσαι
780 289 885 340 μέγα
923 292 1008 334 τοῖς
1049 285 1202 328 ἑαυτοῦ
1227 285 1342 327 τάδε.
1401 287 1569 336 ι(παῖδες
1598 285 1693 338 ἐμοὶ

262 354 523 405 στρατιῶται,
559 352 774 405 μέμνησθε
812 352 930 403 ὑμῶν
974 353 1108 392 αὐταῖν
1148 348 1227 392 ὅσα
1273 349 1536 391 ἐπεπόνθειτε
1571 352 1614 392 ἐν
1642 352 1691 406 τῇ

261 415 442 471 Εὐρώπῃ
462 447 474 468 ,
516 417 704 456 τοσαῦτα
734 414 802 471 ἔτη
833 418 1188 468 διαπολεμοῦντες.
1254 415 1302 456 τί
1326 413 1374 468 δὴ
1409 415 1691 469 ὑποχωρεΐτες

263 481 338 520 οὐκ
366 478 451 521 ἴστε
493 480 548 528 ὥς
581 479 632 520 τὰ
673 479 807 522 πάντα
846 483 917 535 ἐφ’
943 481 1040 534 ἡμῖν
1069 479 1209 534 ἔσται,
1237 480 1397 521 τούτων
1425 481 1691 532 περιγενομέ-

261 559 374 596 vom,-
405 540 524 597 ἄγετε
567 542 616 597 δὴ
645 545 739 596 ἐμοὶ
764 545 935 595 ἕπεσθε,
970 545 1026 593 ὥς
1052 542 1100 598 ἢν
1125 544 1183 598 μὴ
1211 543 1360 596 α’ρτίως
1389 542 1556 598 ἕπησθε,
1581 543 1726 596 ταχύῦ

263 610 563 662 περιεσομένων
605 611 686 650 τῶν
715 611 919 662 πολεμίων
953 610 1097 663 ἢμᾶς.”
1154 610 1287 650 ταῦτα
1318 607 1485 650 εἰπόντα
1514 606 1586 649 τὸν
1612 610 1693 660 βα-

264 675 382 715 σιλέα
427 672 612 715 ἐλαύνειν
650 671 775 725 ὁμόσε
818 675 875 730 τῷ
920 676 1030 729 ἵππῳ
1067 674 1138 714 ἐπὶ
1172 673 1270 721 τούς
1308 673 1546 725 πολεμίους,
1577 674 1620 720 ἐς
1647 671 1692 714 τὸ

263 741 390 789 μέσον
422 743 566 792 στῖφος
602 738 883 790 ἐμβάλλοντα·
955 738 1026 779 καί
1053 739 1200 779 αὐτίκα
1229 739 1468 779 ἐπιπνέοντα
1497 736 1570 778 τόν
1598 731 1695 778 ἆνε-

263 817 343 854 μον
373 801 452 841 α’πὸ
483 799 610 842 νώτου
645 804 691 856 τῇ
720 805 895 858 στρατιᾷ
913 804 1092 855 ἐνοχλεῖν
1121 804 1191 843 ἐπί
1209 801 1427 855 πρόσωπον
1453 801 1551 850 τοὺς
1577 803 1695 843 ἐναν-

265 869 400 919 τίους,
435 868 505 906 καί
545 864 676 914 οὕτως
711 864 800 918 ἅμα
840 866 1029 920 ἀλλήλοις
1064 869 1460 918 διακελευσαμένους
1488 867 1621 914 καίἐς
1651 864 1696 907 τὸ
1709 874 1752 908 10

230 930 450 984 Οπρόσθεν
479 931 610 978 ἰόντας
640 931 711 972 καί
738 932 1008 983 βιαζομένους
1047 934 1161 979 τέλος
1205 931 1254 985 δὴ
1283 932 1530 986 τρέψασθαί
1549 946 1595 971 τε
1626 933 1698 971 καί

267 994 499 1036 ἐπιδιώκειν
526 994 603 1036 ἀνὰ
635 997 782 1049 κράτος
811 996 1066 1045 ἀπολλύντας
1099 996 1196 1042 τοὺς
1220 996 1451 1048 πολεμίους.
1506 996 1578 1038 καί
1604 998 1695 1037 δια-

269 1062 488 1116 φθαρῆναι
527 1062 606 1111 μὲν
648 1062 811 1112 λέγεται
857 1060 904 1101 u}
946 1060 1075 1102 πλείω
1115 1063 1189 1102 τοῦ
1217 1060 1527 1114 στρατεύματος
1555 1062 1696 1114 αὐτοῦ,

269 1121 548 1179 διαφυγόντας
569 1126 615 1165 δὲ
644 1125 740 1172 τοὺς
767 1127 986 1176 πολεμιόυς
1005 1124 1196 1178 οἴχεσθαι
1218 1125 1571 1176 α’παλλαττόμενον
1599 1126 1698 1166 ἕκα-

267 1204 364 1230 στον
391 1190 461 1230 ἐπὶ
493 1187 542 1230 τοὶ
585 1185 748 1230 ἑαυτοῦ.
806 1192 991 1231 ἐνταῦθα
1034 1191 1492 1244 διαπρεσβευσαμένους
1519 1186 1697 1237 σπονδάς
1712 1197 1754 1231 15

266 1269 310 1295 τε
339 1255 573 1305 αἰτεῖσθαι,
620 1253 690 1294 καί
716 1256 927 1307 συμβῆναι
958 1254 1070 1310 αὐτῷ
1114 1257 1180 1309 ἐφ’
1214 1248 1245 1311 ᾧ
1274 1256 1450 1296 ἕπεσθαι
1476 1242 1644 1302 τούτους
1671 1248 1701 1311 ᾗ

268 1315 320 1359 ἄν
348 1320 530 1372 ἐξηγοῖτο
559 1321 635 1358 τοῦ
663 1321 808 1359 λοιποῦ
843 1318 1175 1371 στρατευόμενος.

371 1383 435 1423 Ἐν
464 1376 496 1439 ᾧ
540 1382 588 1436 δὴ
616 1384 720 1424 κατὰ
771 1382 845 1436 τὴν
872 1384 1013 1424 Ἀσίαν
1044 1385 1225 1437 διέτριβε
1265 1386 1335 1424 καί
1362 1381 1522 1439 περιῄει
1550 1385 1623 1424 καί
1647 1383 1701 1424 τὰ

267 1449 310 1488 ἐν
337 1449 389 1502 τῇ
423 1446 546 1503 Ἀσίᾳ
585 1450 759 1501 καθίστη
797 1445 1018 1501 πράγματα
1057 1448 1129 1488 καί
1168 1453 1249 1495 τοῖς
1292 1446 1487 1502 Τούρκων
1529 1446 1701 1503 ἡγεμόσι

265 1510 445 1560 σπονδοὶς
474 1514 663 1564 ἐποιεῖτο,
692 1514 878 1564 Σαουζῆς
925 1511 947 1552 ὅ
976 1511 1250 1565 πρεσβύτερος
1275 1514 1355 1554 ταῖν
1383 1514 1544 1554 παίδων
1570 1510 1754 1557 αὗτοῦ20

266 1578 311 1618 ἐν
339 1578 392 1631 τῇ
423 1573 603 1631 Εὐρώπῃ
633 1575 929 1630 καταλειφθεὶς
958 1574 1061 1617 ὥστε
1089 1578 1248 1631 ἐφορᾶν
1273 1592 1318 1617 τε
1345 1576 1421 1630 τήν
1451 1576 1600 1632 α’ρχὴν,
1630 1580 1702 1619 καί

266 1637 316 1695 ἦν
343 1658 383 1683 τι
410 1642 503 1696 ἐπίῃ
535 1639 670 1681 δεινόν
698 1638 722 1694 ἢ
750 1640 935 1693 χαλεπὸν
962 1640 1064 1683 κατὰ
1095 1641 1168 1695 τήν
1197 1640 1345 1697 α’ρχήν,
1376 1643 1446 1682 ἐπί
1471 1641 1516 1683 τό
1555 1644 1699 1683 δοῦναι

359 1751 391 1784 2.
414 1752 630 1798 μεμνῆσθαι
655 1750 758 1798 ἡμῶν
781 1752 820 1784 P:
846 1762 921 1784 corr
948 1751 979 1785 H
1074 1750 1128 1784 18.
1156 1754 1220 1786 καὶ
1252 1757 1334 1784 aute
1359 1751 1503 1798 περιῄει
1527 1762 1584 1785 om
1605 1752 1630 1783 P

269 1862 400 1896 litones
425 1863 515 1901 mei,
550 1862 615 1894 filii
642 1862 885 1902 dilectissimi,
908 1873 981 1895 non
1005 1861 1103 1895 subit
1130 1862 1290 1902 animos,
1315 1867 1447 1907 quanta
1474 1862 1633 1906 pericula
1662 1862 1699 1893 in

269 1909 408 1952 Europa
449 1909 640 1941 multorum
679 1919 851 1940 annorum
893 1907 1076 1940 durissima
1111 1909 1239 1941 militia
1277 1908 1433 1952 perpessi
1460 1907 1564 1940 sitis'?
1612 1907 1701 1952 quid

271 1953 419 1987 ceditis?
469 1966 513 1986 an
538 1955 681 1986 nescitis
716 1955 835 1987 omnia
869 1954 907 1987 in
941 1960 1056 1987 vestra
1088 1954 1163 1987 fore
1195 1959 1384 1999 potestate,
1409 1954 1480 1986 illis
1504 1953 1700 1998 superatis?

272 2001 366 2044 agite
392 2001 511 2044 igitur,
535 2001 707 2044 promptis
734 2001 859 2033 animis
883 2011 938 2032 me
965 2001 1175 2044 sequamini.
1225 1999 1323 2044 quod
1351 2001 1379 2032 si
1407 1999 1563 2032 cunctati
1588 1999 1700 2032 fueri-

271 2048 329 2086 tis,
353 2045 473 2079 hostes
504 2058 567 2078 nos
604 2048 780 2080 vincent.”
829 2046 915 2078 haec
946 2046 1083 2079 locutus
1109 2046 1252 2078 admisit
1278 2057 1408 2090 equum
1434 2046 1471 2078 in
1494 2045 1645 2084 hostem,
1665 2050 1702 2077 et

272 2094 310 2126 in
347 2093 621 2124 confertissimos
658 2092 812 2124 hostium
853 2103 982 2124 cuneos
1020 2103 1055 2124 se
1083 2093 1259 2132 coniecit,
1303 2093 1470 2124 acerrime
1506 2091 1700 2135 praelians3

273 2138 543 2183 confestimque,
572 2144 608 2170 ut
632 2138 868 2182 praedixerat,
891 2144 1016 2170 ventus
1042 2144 1184 2171 exortus
1206 2143 1259 2170 est
1275 2143 1311 2170 et
1334 2138 1371 2170 in
1398 2137 1550 2170 hostium
1576 2137 1703 2169 faciem

273 2195 311 2216 se
337 2183 438 2216 fudit.
488 2183 571 2216 hinc
595 2195 674 2216 cum
709 2189 830 2216 mutua
865 2184 1066 2217 hortatione
1105 2184 1286 2216 adversum
1312 2183 1432 2216 hostes
1456 2182 1701 2227 procederent,

274 2231 498 2274 maximoque
533 2230 666 2273 impetu
709 2241 768 2262 eos
807 2229 1043 2269 adorirentur,
1072 2231 1220 2273 primum
1251 2241 1310 2262 eos
1337 2230 1372 2262 in
1401 2229 1518 2272 fugam
1541 2231 1702 2262 coniece-

276 2281 368 2316 runt,
394 2281 431 2308 et
456 2276 683 2319 insequentes
707 2275 876 2319 plurimos
900 2275 1131 2308 trucidarunt.
1182 2277 1293 2308 fertur
1317 2276 1502 2308 maximam
1529 2276 1703 2308 exercitus

276 2323 351 2354 eius
375 2327 507 2366 partem
533 2321 583 2353 ibi
610 2320 844 2353 intercidisse.
893 2320 1013 2353 hostes
1037 2328 1152 2354 autem
1181 2321 1259 2365 fuga
1285 2321 1351 2353 sibi
1377 2322 1601 2354 consulentes
1626 2322 1703 2354 sin-

276 2368 348 2411 guli
374 2367 418 2399 ad
443 2379 505 2400 sua
530 2367 678 2412 dispersi
701 2372 796 2399 sunt.
852 2365 935 2399 hinc
959 2378 1035 2399 cum
1061 2369 1196 2411 legatos
1230 2367 1410 2400 misissent
1433 2366 1477 2399 ad
1501 2367 1703 2400 Amuratem

274 2413 428 2458 petitum
451 2424 586 2459 pacem,
610 2412 707 2445 haud
729 2413 823 2457 passi
848 2418 931 2445 aunt
954 2413 1137 2457 repulsam.
1172 2415 1236 2446 hac
1260 2418 1379 2446 tamen
1403 2412 1611 2446 condicione
1634 2424 1703 2457 pax

278 2459 359 2492 data
399 2465 473 2500 est,
517 2465 557 2493 ut
594 2469 651 2500 se,
692 2469 909 2504 quocunque
947 2461 1120 2493 exercitus
1162 2459 1349 2500 movisset,
1394 2459 1542 2504 impigre
1575 2469 1703 2504 seque·

278 2510 412 2538 rentur.

372 2551 418 2583 Ut
441 2555 556 2583 autem
576 2561 645 2594 pax
670 2560 748 2583 cum
767 2549 891 2583 Turcis
919 2551 956 2583 in
974 2549 1056 2582 Asia
1084 2550 1175 2583 facta
1206 2556 1268 2590 est,
1295 2551 1401 2583 etiam
1425 2561 1478 2582 res
1502 2549 1539 2583 in
1563 2550 1704 2593 Europa

278 2596 535 2631 interturbatae
561 2601 654 2629 sunt.
712 2597 843 2630 Sauzes
867 2601 954 2629 natu
979 2596 1151 2628 maximus
1191 2597 1343 2629 filiorum
1372 2597 1544 2629 Amuratis
1569 2596 1606 2628 in
1631 2595 1703 2628 Eu·

281 2654 366 2686 ropa
393 2643 534 2675 relictus
571 2648 640 2682 est,
665 2647 704 2674 ut
731 2653 805 2675 eam
829 2641 1057 2681 defenderet,
1086 2647 1122 2674 et
1158 2642 1186 2674 si
1213 2654 1283 2686 qua
1311 2641 1438 2675 seditio
1463 2646 1584 2675 coorta
1610 2646 1703 2673 esset

282 2695 342 2723 aut
369 2689 518 2734 periculi
543 2688 628 2733 quid
652 2688 851 2732 ingrueret,
877 2694 1014 2722 curaret
1051 2694 1090 2722 ut
1116 2688 1273 2733 Europae
1304 2700 1356 2722 res
1381 2689 1417 2722 in
1444 2693 1521 2721 tuto
1547 2687 1702 2720 colloca—
