<?xml version="1.0" encoding="UTF-8"?>
<!DOCTYPE html PUBLIC "-//W3C//DTD XHTML 1.0 Transitional//EN"
    "http://www.w3.org/TR/xhtml1/DTD/xhtml1-transitional.dtd">
<html xmlns="http://www.w3.org/1999/xhtml" xml:lang="en" lang="en">
 <head>
  <title>
</title>
<meta http-equiv="Content-Type" content="text/html;charset=utf-8" />
  <meta name='ocr-system' content='tesseract 3.04.00' />
  <meta name='ocr-capabilities' content='ocr_page ocr_carea ocr_par ocr_line ocrx_word'/>
</head>
<body>
  <div class='ocr_page' id='page_1' title='image "./corpusscriptorum32niebuoft_0329.png"; bbox 0 0 1858 3210; ppageno 0'>
   <div class='ocr_carea' id='block_1_1' title="bbox 524 135 1620 182">
    <p class='ocr_par' dir='ltr' id='par_1_1' title="bbox 524 135 1620 182">
     <span class='ocr_line' id='line_1_1' title="bbox 524 135 1620 182; baseline -0.003 0"><span class='ocrx_word' id='word_1_1' title='bbox 524 144 596 182; x_wconf 77' lang='lat' dir='ltr'><strong>DE</strong></span> <span class='ocrx_word' id='word_1_2' title='bbox 622 143 795 182; x_wconf 72' lang='lat' dir='ltr'>REBUS</span> <span class='ocrx_word' id='word_1_3' title='bbox 838 140 1090 182; x_wconf 78' lang='lat' dir='ltr'><strong>TURclcis</strong></span> <span class='ocrx_word' id='word_1_4' title='bbox 1130 142 1266 180; x_wconf 71' lang='lat' dir='ltr'>L;V1.</span> <span class='ocrx_word' id='word_1_5' title='bbox 1526 135 1620 179; x_wconf 83' lang='lat'><strong>317</strong></span> 
     </span>
    </p>
   </div>
   <div class='ocr_carea' id='block_1_2' title="bbox 95 233 1665 1622">
    <p class='ocr_par' dir='ltr' id='par_1_2' title="bbox 95 233 1665 1622">
     <span class='ocr_line' id='line_1_2' title="bbox 156 233 1623 301; baseline -0.005 -17"><span class='ocrx_word' id='word_1_6' title='bbox 156 247 300 301; x_wconf 63' lang='grc' dir='ltr'><em>πείθῃ,</em></span> <span class='ocrx_word' id='word_1_7' title='bbox 330 257 432 283; x_wconf 82' lang='grc' dir='ltr'><em>σποι</em></span> <span class='ocrx_word' id='word_1_8' title='bbox 437 242 514 288; x_wconf 84' lang='grc' dir='ltr'><strong>δας</strong></span> <span class='ocrx_word' id='word_1_9' title='bbox 543 242 588 282; x_wconf 76' lang='grc' dir='ltr'><strong>ἐν</strong></span> <span class='ocrx_word' id='word_1_10' title='bbox 619 241 677 281; x_wconf 74' lang='grc' dir='ltr'><em>τῶ</em></span> <span class='ocrx_word' id='word_1_11' title='bbox 707 240 854 295; x_wconf 74' lang='grc' dir='ltr'><em>τοιῷδε</em></span> <span class='ocrx_word' id='word_1_12' title='bbox 875 237 1124 289; x_wconf 63' lang='grc' dir='ltr'><em>ποιούμενος</em></span> <span class='ocrx_word' id='word_1_13' title='bbox 1145 233 1316 291; x_wconf 67' lang='grc' dir='ltr'><em>ἄμεινον</em></span> <span class='ocrx_word' id='word_1_14' title='bbox 1347 237 1623 293; x_wconf 81' lang='grc' dir='ltr'><em>παρασκευά-</em></span> 
     </span>
     <span class='ocr_line' id='line_1_3' title="bbox 155 303 1623 368; baseline -0.006 -16"><span class='ocrx_word' id='word_1_15' title='bbox 155 327 206 368; x_wconf 79' lang='grc' dir='ltr'><strong>σῃ</strong></span> <span class='ocrx_word' id='word_1_16' title='bbox 234 313 279 359; x_wconf 75' lang='grc' dir='ltr'><strong>εἷς</strong></span> <span class='ocrx_word' id='word_1_17' title='bbox 309 308 380 351; x_wconf 79' lang='grc' dir='ltr'><strong>τὸν</strong></span> <span class='ocrx_word' id='word_1_18' title='bbox 409 305 601 359; x_wconf 84' lang='grc' dir='ltr'><em>πόλεμον.</em></span> <span class='ocrx_word' id='word_1_19' title='bbox 659 305 731 346; x_wconf 73' lang='grc' dir='ltr'><em>καί</em></span> <span class='ocrx_word' id='word_1_20' title='bbox 759 303 890 346; x_wconf 76' lang='grc' dir='ltr'><em>ἐπιών</em></span> <span class='ocrx_word' id='word_1_21' title='bbox 921 305 1022 345; x_wconf 83' lang='grc' dir='ltr'><em>τάδε</em></span> <span class='ocrx_word' id='word_1_22' title='bbox 1061 305 1198 346; x_wconf 79' lang='grc' dir='ltr'><em>πάιτα</em></span> <span class='ocrx_word' id='word_1_23' title='bbox 1227 305 1370 347; x_wconf 77' lang='grc' dir='ltr'><em>οὐκέτι</em></span> <span class='ocrx_word' id='word_1_24' title='bbox 1393 303 1441 346; x_wconf 86' lang='grc' dir='ltr'><em>τὸ</em></span> <span class='ocrx_word' id='word_1_25' title='bbox 1475 305 1623 347; x_wconf 80' lang='grc' dir='ltr'><em>δεύτε-</em></span> 
     </span>
     <span class='ocr_line' id='line_1_4' title="bbox 152 367 1664 430; baseline -0.005 -12"><span class='ocrx_word' id='word_1_26' title='bbox 152 392 228 430; x_wconf 84' lang='grc' dir='ltr'><strong>ρον</strong></span> <span class='ocrx_word' id='word_1_27' title='bbox 256 375 450 428; x_wconf 70' lang='grc' dir='ltr'><em>ὑπέμενε.</em></span> <span class='ocrx_word' id='word_1_28' title='bbox 452 375 480 391; x_wconf 87' lang='grc'>”</span> <span class='ocrx_word' id='word_1_29' title='bbox 507 373 643 413; x_wconf 76' lang='grc' dir='ltr'><em>ταῦτα</em></span> <span class='ocrx_word' id='word_1_30' title='bbox 672 373 802 423; x_wconf 80' lang='grc' dir='ltr'><em>λέγων</em></span> <span class='ocrx_word' id='word_1_31' title='bbox 816 385 860 411; x_wconf 83' lang='grc' dir='ltr'><strong>τε</strong></span> <span class='ocrx_word' id='word_1_32' title='bbox 887 368 1047 421; x_wconf 79' lang='grc' dir='ltr'><em>ἔπειθε,</em></span> <span class='ocrx_word' id='word_1_33' title='bbox 1076 371 1150 411; x_wconf 78' lang='grc' dir='ltr'><strong>καὶ</strong></span> <span class='ocrx_word' id='word_1_34' title='bbox 1179 367 1236 418; x_wconf 79' lang='grc' dir='ltr'><strong>ὥς</strong></span> <span class='ocrx_word' id='word_1_35' title='bbox 1264 371 1474 424; x_wconf 76' lang='grc' dir='ltr'><em>ὑπέσχετο</em></span> <span class='ocrx_word' id='word_1_36' title='bbox 1502 367 1664 423; x_wconf 53' lang='lat' dir='ltr'><strong>autb-C</strong></span> 
     </span>
     <span class='ocr_line' id='line_1_5' title="bbox 151 430 1624 497; baseline -0.005 -13"><span class='ocrx_word' id='word_1_37' title='bbox 151 458 242 486; x_wconf 90' lang='grc' dir='ltr'><em>σειν</em></span> <span class='ocrx_word' id='word_1_38' title='bbox 270 436 298 497; x_wconf 81' lang='grc' dir='ltr'><em>ᾗ</em></span> <span class='ocrx_word' id='word_1_39' title='bbox 332 440 553 482; x_wconf 76' lang='grc' dir='ltr'><em>ὑπετίθετο</em></span> <span class='ocrx_word' id='word_1_40' title='bbox 583 437 698 493; x_wconf 78' lang='grc' dir='ltr'><strong>αὕτῴ</strong></span> <span class='ocrx_word' id='word_1_41' title='bbox 729 433 750 476; x_wconf 82' lang='grc' dir='ltr'><em>ὃ</em></span> <span class='ocrx_word' id='word_1_42' title='bbox 779 434 1025 489; x_wconf 81' lang='grc' dir='ltr'><strong><em>Τριβαλλός,</em></strong></span> <span class='ocrx_word' id='word_1_43' title='bbox 1052 437 1202 478; x_wconf 76' lang='grc' dir='ltr'><em>αὐτίκα</em></span> <span class='ocrx_word' id='word_1_44' title='bbox 1229 435 1411 488; x_wconf 75' lang='grc' dir='ltr'><em>ἔπεμπεν</em></span> <span class='ocrx_word' id='word_1_45' title='bbox 1449 430 1624 490; x_wconf 79' lang='grc' dir='ltr'><em>αγγελον</em></span> 
     </span>
     <span class='ocr_line' id='line_1_6' title="bbox 119 500 1624 562; baseline -0.005 -12"><span class='ocrx_word' id='word_1_46' title='bbox 119 506 272 562; x_wconf 62' lang='lat' dir='ltr'><strong>finagio?</strong></span> <span class='ocrx_word' id='word_1_47' title='bbox 305 507 380 555; x_wconf 82' lang='grc' dir='ltr'><em>τὰς</em></span> <span class='ocrx_word' id='word_1_48' title='bbox 399 505 552 561; x_wconf 65' lang='grc' dir='ltr'><em>θύρας,</em></span> <span class='ocrx_word' id='word_1_49' title='bbox 582 501 954 556; x_wconf 79' lang='grc' dir='ltr'><em>μεταπεμπόμενος</em></span> <span class='ocrx_word' id='word_1_50' title='bbox 982 504 1193 555; x_wconf 81' lang='grc' dir='ltr'><em>πρέσβεις,</em></span> <span class='ocrx_word' id='word_1_51' title='bbox 1225 502 1282 550; x_wconf 73' lang='grc' dir='ltr'><strong>(ὃς</strong></span> <span class='ocrx_word' id='word_1_52' title='bbox 1312 503 1396 543; x_wconf 75' lang='grc' dir='ltr'><strong>τῶν</strong></span> <span class='ocrx_word' id='word_1_53' title='bbox 1418 500 1624 544; x_wconf 77' lang='grc' dir='ltr'>Παιόνων</span> 
     </span>
     <span class='ocr_line' id='line_1_7' title="bbox 152 566 1623 629; baseline -0.005 -13"><span class='ocrx_word' id='word_1_54' title='bbox 152 574 444 629; x_wconf 72' lang='grc' dir='ltr'><em>ποιησομένων</em></span> <span class='ocrx_word' id='word_1_55' title='bbox 483 570 558 625; x_wconf 80' lang='grc' dir='ltr'><strong>τὴν</strong></span> <span class='ocrx_word' id='word_1_56' title='bbox 604 566 774 623; x_wconf 76' lang='grc' dir='ltr'>εἰρήνην</span> <span class='ocrx_word' id='word_1_57' title='bbox 814 584 884 609; x_wconf 84' lang='grc' dir='ltr'><strong>και</strong></span> <span class='ocrx_word' id='word_1_58' title='bbox 916 567 1044 616; x_wconf 83' lang='grc' dir='ltr'><em>αυ’τός</em></span> <span class='ocrx_word' id='word_1_59' title='bbox 1079 567 1405 622; x_wconf 77' lang='grc' dir='ltr'><em>ἀποληψόμενος</em></span> <span class='ocrx_word' id='word_1_60' title='bbox 1437 567 1515 620; x_wconf 76' lang='grc' dir='ltr'><strong>τήν</strong></span> <span class='ocrx_word' id='word_1_61' title='bbox 1546 568 1623 620; x_wconf 82' lang='lat' dir='ltr'><strong>a&#39;9-</strong></span> 
     </span>
     <span class='ocr_line' id='line_1_8' title="bbox 151 633 1623 695; baseline -0.005 -13"><span class='ocrx_word' id='word_1_62' title='bbox 151 638 248 695; x_wconf 77' lang='grc' dir='ltr'><strong>χήν.</strong></span> <span class='ocrx_word' id='word_1_63' title='bbox 307 638 494 682; x_wconf 77' lang='grc' dir='ltr'><em>ἐνταῦθα</em></span> <span class='ocrx_word' id='word_1_64' title='bbox 535 633 803 689; x_wconf 81' lang='grc' dir='ltr'><em>Ἀμουράτης</em></span> <span class='ocrx_word' id='word_1_65' title='bbox 841 633 1004 686; x_wconf 71' lang='grc' dir='ltr'><em>έπεμψε</em></span> <span class='ocrx_word' id='word_1_66' title='bbox 1033 636 1257 688; x_wconf 83' lang='grc' dir='ltr'><em>πρέσβεις,</em></span> <span class='ocrx_word' id='word_1_67' title='bbox 1288 650 1359 675; x_wconf 86' lang='grc' dir='ltr'><strong>και</strong></span> <span class='ocrx_word' id='word_1_68' title='bbox 1388 633 1464 683; x_wconf 70' lang='grc' dir='ltr'><em>τὰς</em></span> <span class='ocrx_word' id='word_1_69' title='bbox 1495 649 1623 676; x_wconf 90' lang='grc' dir='ltr'><em>σπον-</em></span> 
     </span>
     <span class='ocr_line' id='line_1_9' title="bbox 152 699 1622 759; baseline -0.005 -11"><span class='ocrx_word' id='word_1_70' title='bbox 152 707 229 755; x_wconf 74' lang='grc' dir='ltr'><em>δας</em></span> <span class='ocrx_word' id='word_1_71' title='bbox 260 705 478 747; x_wconf 78' lang='grc' dir='ltr'><em>ἐποιοῦντο</em></span> <span class='ocrx_word' id='word_1_72' title='bbox 522 705 591 758; x_wconf 79' lang='grc' dir='ltr'><strong>ἐφ’</strong></span> <span class='ocrx_word' id='word_1_73' title='bbox 619 703 652 759; x_wconf 78' lang='grc' dir='ltr'><em>ῴ</em></span> <span class='ocrx_word' id='word_1_74' title='bbox 683 701 756 743; x_wconf 87' lang='grc' dir='ltr'><strong>τόν</strong></span> <span class='ocrx_word' id='word_1_75' title='bbox 787 716 832 742; x_wconf 85' lang='grc' dir='ltr'><strong>τε</strong></span> <span class='ocrx_word' id='word_1_76' title='bbox 874 703 912 742; x_wconf 93' lang='grc' dir='ltr'><strong><em>Γ</em></strong></span> <span class='ocrx_word' id='word_1_77' title='bbox 911 716 1085 754; x_wconf 75' lang='grc' dir='ltr'><em>εωργιον</em></span> <span class='ocrx_word' id='word_1_78' title='bbox 1114 699 1228 754; x_wconf 81' lang='grc' dir='ltr'><em>ἔχειν</em></span> <span class='ocrx_word' id='word_1_79' title='bbox 1255 701 1331 754; x_wconf 81' lang='grc' dir='ltr'><strong>τὴν</strong></span> <span class='ocrx_word' id='word_1_80' title='bbox 1359 699 1508 754; x_wconf 71' lang='grc' dir='ltr'><em>χώραν</em></span> <span class='ocrx_word' id='word_1_81' title='bbox 1539 717 1622 741; x_wconf 88' lang='grc' dir='ltr'><strong>αυ-</strong></span> 
     </span>
     <span class='ocr_line' id='line_1_10' title="bbox 152 765 1623 824; baseline -0.005 -10"><span class='ocrx_word' id='word_1_82' title='bbox 152 775 229 815; x_wconf 83' lang='grc' dir='ltr'><em>τοῦ</em></span> <span class='ocrx_word' id='word_1_83' title='bbox 259 770 333 813; x_wconf 79' lang='grc' dir='ltr'><em>καί</em></span> <span class='ocrx_word' id='word_1_84' title='bbox 360 769 436 824; x_wconf 84' lang='grc' dir='ltr'><strong>τὴν</strong></span> <span class='ocrx_word' id='word_1_85' title='bbox 463 769 663 824; x_wconf 76' lang='grc' dir='ltr'><em>ἡμίσειαν</em></span> <span class='ocrx_word' id='word_1_86' title='bbox 696 766 903 821; x_wconf 87' lang='grc' dir='ltr'><em>πρόσοδον</em></span> <span class='ocrx_word' id='word_1_87' title='bbox 933 765 1186 808; x_wconf 69' lang='grc' dir='ltr'><em>ἀποδιδόναι</em></span> <span class='ocrx_word' id='word_1_88' title='bbox 1222 767 1281 823; x_wconf 76' lang='grc' dir='ltr'><em>τῷ</em></span> <span class='ocrx_word' id='word_1_89' title='bbox 1312 769 1492 820; x_wconf 82' lang='grc' dir='ltr'><em>βασιλεῖ.</em></span> <span class='ocrx_word' id='word_1_90' title='bbox 1552 782 1623 807; x_wconf 87' lang='grc' dir='ltr'><strong>και</strong></span> 
     </span>
     <span class='ocr_line' id='line_1_11' title="bbox 97 808 1622 916; baseline -0.005 -36"><span class='ocrx_word' id='word_1_91' title='bbox 97 850 141 884; x_wconf 82' lang='lat'><strong>10</strong></span> <span class='ocrx_word' id='word_1_92' title='bbox 156 836 277 916; x_wconf 76' lang='grc' dir='ltr'><em>ὅρκιά</em></span> <span class='ocrx_word' id='word_1_93' title='bbox 306 852 350 879; x_wconf 80' lang='grc' dir='ltr'><strong>τε</strong></span> <span class='ocrx_word' id='word_1_94' title='bbox 380 853 469 888; x_wconf 85' lang='grc' dir='ltr'><strong>αμα</strong></span> <span class='ocrx_word' id='word_1_95' title='bbox 497 836 713 877; x_wconf 75' lang='grc' dir='ltr'><em>ἐποιοῦντο</em></span> <span class='ocrx_word' id='word_1_96' title='bbox 740 835 807 889; x_wconf 81' lang='grc' dir='ltr'><strong>ἐφ’</strong></span> <span class='ocrx_word' id='word_1_97' title='bbox 841 835 872 890; x_wconf 83' lang='grc' dir='ltr'><strong><em>ὡ</em></strong></span> <span class='ocrx_word' id='word_1_98' title='bbox 909 831 1015 886; x_wconf 77' lang='grc' dir='ltr'><em>μήτε</em></span> <span class='ocrx_word' id='word_1_99' title='bbox 1046 849 1143 882; x_wconf 87' lang='grc' dir='ltr'><em>τους</em></span> <span class='ocrx_word' id='word_1_100' title='bbox 1172 808 1370 880; x_wconf 52' lang='grc' dir='ltr'><em>Παιιόνας</em></span> <span class='ocrx_word' id='word_1_101' title='bbox 1399 834 1622 887; x_wconf 75' lang='grc' dir='ltr'><em>ληίζεσθαι</em></span> 
     </span>
     <span class='ocr_line' id='line_1_12' title="bbox 151 893 1622 959; baseline -0.006 -12"><span class='ocrx_word' id='word_1_102' title='bbox 151 905 227 959; x_wconf 81' lang='grc' dir='ltr'><strong>τήν</strong></span> <span class='ocrx_word' id='word_1_103' title='bbox 252 904 460 957; x_wconf 80' lang='grc' dir='ltr'><em>βασιλέως</em></span> <span class='ocrx_word' id='word_1_104' title='bbox 487 899 647 955; x_wconf 80' lang='grc' dir='ltr'><em>χώοαν,</em></span> <span class='ocrx_word' id='word_1_105' title='bbox 677 900 784 952; x_wconf 75' lang='grc' dir='ltr'><em>μήτε</em></span> <span class='ocrx_word' id='word_1_106' title='bbox 815 895 873 941; x_wconf 73' lang='grc' dir='ltr'><strong>αὖ</strong></span> <span class='ocrx_word' id='word_1_107' title='bbox 899 900 1112 954; x_wconf 81' lang='grc' dir='ltr'><em>Τούρκους</em></span> <span class='ocrx_word' id='word_1_108' title='bbox 1142 900 1343 952; x_wconf 86' lang='grc' dir='ltr'><em>διαβηναι</em></span> <span class='ocrx_word' id='word_1_109' title='bbox 1362 897 1436 940; x_wconf 81' lang='grc' dir='ltr'><strong>τὸν</strong></span> <span class='ocrx_word' id='word_1_110' title='bbox 1455 893 1622 951; x_wconf 89' lang='grc' dir='ltr'><em>Ιστρον</em></span> 
     </span>
     <span class='ocr_line' id='line_1_13' title="bbox 152 963 1665 1025; baseline -0.005 -12"><span class='ocrx_word' id='word_1_111' title='bbox 152 973 225 1013; x_wconf 72' lang='grc' dir='ltr'><strong>ἐπὶ</strong></span> <span class='ocrx_word' id='word_1_112' title='bbox 252 970 441 1025; x_wconf 77' lang='grc' dir='ltr'><em>μηδεμιᾷ</em></span> <span class='ocrx_word' id='word_1_113' title='bbox 467 966 620 1023; x_wconf 78' lang='grc' dir='ltr'><em>βλάβη,</em></span> <span class='ocrx_word' id='word_1_114' title='bbox 647 968 836 1024; x_wconf 87' lang='grc' dir='ltr'><em>μηδεμιᾶ</em></span> <span class='ocrx_word' id='word_1_115' title='bbox 862 966 1054 1022; x_wconf 81' lang='grc' dir='ltr'><em>μηχανῇ,</em></span> <span class='ocrx_word' id='word_1_116' title='bbox 1088 967 1155 1021; x_wconf 81' lang='grc' dir='ltr'><strong>ἐφ’</strong></span> <span class='ocrx_word' id='word_1_117' title='bbox 1187 967 1219 1022; x_wconf 78' lang='grc' dir='ltr'><em>ῴ</em></span> <span class='ocrx_word' id='word_1_118' title='bbox 1251 980 1298 1006; x_wconf 91' lang='grc' dir='ltr'><strong>τε</strong></span> <span class='ocrx_word' id='word_1_119' title='bbox 1329 963 1448 1019; x_wconf 77' lang='grc' dir='ltr'><em>παρὰ</em></span> <span class='ocrx_word' id='word_1_120' title='bbox 1480 964 1665 1005; x_wconf 76' lang='grc' dir='ltr'><em>πάνταῐ)</em></span> 
     </span>
     <span class='ocr_line' id='line_1_14' title="bbox 152 1027 1622 1088; baseline -0.005 -9"><span class='ocrx_word' id='word_1_121' title='bbox 152 1036 226 1080; x_wconf 75' lang='grc' dir='ltr'><strong>τὸν</strong></span> <span class='ocrx_word' id='word_1_122' title='bbox 261 1036 357 1088; x_wconf 71' lang='grc' dir='ltr'><em>βίον</em></span> <span class='ocrx_word' id='word_1_123' title='bbox 396 1036 534 1076; x_wconf 75' lang='grc' dir='ltr'><em>αὐτῶν</em></span> <span class='ocrx_word' id='word_1_124' title='bbox 576 1036 716 1083; x_wconf 80' lang='grc' dir='ltr'><em>ξέιους</em></span> <span class='ocrx_word' id='word_1_125' title='bbox 742 1048 786 1075; x_wconf 88' lang='grc' dir='ltr'><strong>τε</strong></span> <span class='ocrx_word' id='word_1_126' title='bbox 828 1033 903 1074; x_wconf 82' lang='grc' dir='ltr'>καί</span> <span class='ocrx_word' id='word_1_127' title='bbox 944 1030 1096 1086; x_wconf 79' lang='grc' dir='ltr'><em>φίλους</em></span> <span class='ocrx_word' id='word_1_128' title='bbox 1133 1027 1256 1082; x_wconf 80' lang='grc' dir='ltr'><em>εἷίαι,</em></span> <span class='ocrx_word' id='word_1_129' title='bbox 1287 1028 1389 1072; x_wconf 74' lang='grc' dir='ltr'><em>ἄνευ</em></span> <span class='ocrx_word' id='word_1_130' title='bbox 1419 1046 1466 1073; x_wconf 92' lang='grc' dir='ltr'><strong>τε</strong></span> <span class='ocrx_word' id='word_1_131' title='bbox 1494 1030 1622 1072; x_wconf 86' lang='grc' dir='ltr'><em>δόλου</em></span> 
     </span>
     <span class='ocr_line' id='line_1_15' title="bbox 155 1094 1626 1155; baseline -0.005 -10"><span class='ocrx_word' id='word_1_132' title='bbox 155 1119 226 1146; x_wconf 80' lang='grc' dir='ltr'><strong>και</strong></span> <span class='ocrx_word' id='word_1_133' title='bbox 258 1101 455 1155; x_wconf 80' lang='grc' dir='ltr'><em>α’ποίτης·</em></span> <span class='ocrx_word' id='word_1_134' title='bbox 514 1101 614 1148; x_wconf 80' lang='grc' dir='ltr'><em>τοὺς</em></span> <span class='ocrx_word' id='word_1_135' title='bbox 642 1102 690 1141; x_wconf 82' lang='grc' dir='ltr'><strong>δὲ</strong></span> <span class='ocrx_word' id='word_1_136' title='bbox 712 1098 885 1148; x_wconf 64' lang='grc' dir='ltr'><em>Δακοιῖς</em></span> <span class='ocrx_word' id='word_1_137' title='bbox 926 1096 1171 1153; x_wconf 86' lang='grc' dir='ltr'><em>υποφόρους</em></span> <span class='ocrx_word' id='word_1_138' title='bbox 1203 1113 1246 1140; x_wconf 90' lang='grc' dir='ltr'><strong>τε</strong></span> <span class='ocrx_word' id='word_1_139' title='bbox 1274 1094 1384 1140; x_wconf 78' lang='grc' dir='ltr'><em>εἶναι.</em></span> <span class='ocrx_word' id='word_1_140' title='bbox 1412 1099 1470 1155; x_wconf 74' lang='grc' dir='ltr'><em>τεῦ</em></span> <span class='ocrx_word' id='word_1_141' title='bbox 1496 1101 1626 1150; x_wconf 88' lang='grc' dir='ltr'><em>βασι-</em></span> 
     </span>
     <span class='ocr_line' id='line_1_16' title="bbox 99 1163 1624 1222; baseline -0.005 -10"><span class='ocrx_word' id='word_1_142' title='bbox 99 1181 142 1215; x_wconf 88' lang='grc'><strong>15</strong></span> <span class='ocrx_word' id='word_1_143' title='bbox 157 1174 251 1222; x_wconf 86' lang='grc' dir='ltr'><em>λεΐ,</em></span> <span class='ocrx_word' id='word_1_144' title='bbox 281 1167 310 1210; x_wconf 75' lang='grc' dir='ltr'><em>ἃ</em></span> <span class='ocrx_word' id='word_1_145' title='bbox 359 1170 431 1209; x_wconf 76' lang='grc' dir='ltr'><strong>καὶ</strong></span> <span class='ocrx_word' id='word_1_146' title='bbox 467 1169 691 1209; x_wconf 74' lang='grc' dir='ltr'><em>συνέθεντο</em></span> <span class='ocrx_word' id='word_1_147' title='bbox 733 1166 777 1207; x_wconf 82' lang='grc' dir='ltr'><strong>ἐν</strong></span> <span class='ocrx_word' id='word_1_148' title='bbox 819 1171 912 1214; x_wconf 79' lang='grc' dir='ltr'><em>ταῖς</em></span> <span class='ocrx_word' id='word_1_149' title='bbox 939 1167 1148 1218; x_wconf 80' lang='grc' dir='ltr'><em>βασιλέως</em></span> <span class='ocrx_word' id='word_1_150' title='bbox 1176 1166 1380 1214; x_wconf 76' lang='grc' dir='ltr'><em>σπονδαῖς</em></span> <span class='ocrx_word' id='word_1_151' title='bbox 1410 1163 1516 1218; x_wconf 85' lang='grc' dir='ltr'><em>πρὸς</em></span> <span class='ocrx_word' id='word_1_152' title='bbox 1547 1164 1624 1204; x_wconf 81' lang='lat' dir='ltr'><strong>av’-</strong></span> 
     </span>
     <span class='ocr_line' id='line_1_17' title="bbox 154 1224 1621 1288; baseline -0.005 -11"><span class='ocrx_word' id='word_1_153' title='bbox 154 1234 255 1283; x_wconf 74' lang='grc' dir='ltr'><strong>τούς</strong></span> <span class='ocrx_word' id='word_1_154' title='bbox 283 1233 488 1288; x_wconf 85' lang='grc' dir='ltr'><em>πρότερον</em></span> <span class='ocrx_word' id='word_1_155' title='bbox 516 1234 775 1286; x_wconf 81' lang='grc' dir='ltr'><em>γενομέναις,</em></span> <span class='ocrx_word' id='word_1_156' title='bbox 805 1233 877 1272; x_wconf 83' lang='grc' dir='ltr'><em>καί</em></span> <span class='ocrx_word' id='word_1_157' title='bbox 903 1233 944 1279; x_wconf 82' lang='grc' dir='ltr'><strong>ἐς</strong></span> <span class='ocrx_word' id='word_1_158' title='bbox 991 1229 1092 1278; x_wconf 77' lang='grc' dir='ltr'><strong>τούς</strong></span> <span class='ocrx_word' id='word_1_159' title='bbox 1119 1233 1315 1280; x_wconf 80' lang='grc' dir='ltr'><em>Παίονας</em></span> <span class='ocrx_word' id='word_1_160' title='bbox 1347 1233 1495 1282; x_wconf 82' lang='grc' dir='ltr'><em>τελεῖν,</em></span> <span class='ocrx_word' id='word_1_161' title='bbox 1527 1224 1552 1285; x_wconf 73' lang='grc' dir='ltr'><strong><em>ᾗ</em></strong></span> <span class='ocrx_word' id='word_1_162' title='bbox 1578 1229 1621 1272; x_wconf 86' lang='grc' dir='ltr'><em>τὸ</em></span> 
     </span>
     <span class='ocr_line' id='line_1_18' title="bbox 157 1298 791 1357; baseline -0.008 -13"><span class='ocrx_word' id='word_1_163' title='bbox 157 1301 344 1357; x_wconf 72' lang='grc' dir='ltr'><em>πρόσθεν</em></span> <span class='ocrx_word' id='word_1_164' title='bbox 371 1298 539 1354; x_wconf 73' lang='grc' dir='ltr'><em>ἔχοντες</em></span> <span class='ocrx_word' id='word_1_165' title='bbox 568 1300 791 1340; x_wconf 84' lang='grc' dir='ltr'><em>διετέλουν.</em></span> 
     </span>
     <span class='ocr_line' id='line_1_19' title="bbox 274 1362 1628 1418; baseline -0.001 -10"><span class='ocrx_word' id='word_1_166' title='bbox 274 1369 420 1409; x_wconf 83' lang='grc' dir='ltr'><em>Ταῦτα</em></span> <span class='ocrx_word' id='word_1_167' title='bbox 452 1365 509 1415; x_wconf 79' lang='grc' dir='ltr'><strong>ὥς</strong></span> <span class='ocrx_word' id='word_1_168' title='bbox 543 1367 734 1417; x_wconf 80' lang='grc' dir='ltr'><em>ἐγένετο,</em></span> <span class='ocrx_word' id='word_1_169' title='bbox 764 1363 920 1406; x_wconf 67' lang='grc' dir='ltr'><em>αὐτίκα</em></span> <span class='ocrx_word' id='word_1_170' title='bbox 959 1362 1221 1418; x_wconf 78' lang='grc' dir='ltr'><em>Ἀμουράτης</em></span> <span class='ocrx_word' id='word_1_171' title='bbox 1250 1363 1526 1418; x_wconf 80' lang='grc' dir='ltr'><em>ἐστρατεύετο</em></span> <span class='ocrx_word' id='word_1_172' title='bbox 1556 1364 1628 1406; x_wconf 76' lang='grc' dir='ltr'><strong>ἐπὶ</strong></span> 
     </span>
     <span class='ocr_line' id='line_1_20' title="bbox 158 1431 1623 1486; baseline -0.003 -10"><span class='ocrx_word' id='word_1_173' title='bbox 158 1434 442 1486; x_wconf 81' lang='grc' dir='ltr'><em>Καραμᾶνον.</em></span> <span class='ocrx_word' id='word_1_174' title='bbox 509 1433 632 1479; x_wconf 79' lang='grc' dir='ltr'><em>οὗτος</em></span> <span class='ocrx_word' id='word_1_175' title='bbox 669 1431 750 1484; x_wconf 80' lang='grc' dir='ltr'><strong>γὰρ</strong></span> <span class='ocrx_word' id='word_1_176' title='bbox 790 1446 848 1478; x_wconf 85' lang='grc' dir='ltr'><strong>ως</strong></span> <span class='ocrx_word' id='word_1_177' title='bbox 887 1431 1070 1472; x_wconf 74' lang='grc' dir='ltr'><em>ἐπύθετο</em></span> <span class='ocrx_word' id='word_1_178' title='bbox 1100 1431 1260 1471; x_wconf 79' lang='grc' dir='ltr'><em>ἐπιέναι</em></span> <span class='ocrx_word' id='word_1_179' title='bbox 1296 1444 1394 1479; x_wconf 88' lang='grc' dir='ltr'><em>τους</em></span> <span class='ocrx_word' id='word_1_180' title='bbox 1426 1432 1623 1479; x_wconf 75' lang='grc' dir='ltr'><em>Παίονας</em></span> 
     </span>
     <span class='ocr_line' id='line_1_21' title="bbox 95 1490 1622 1552; baseline -0.007 -8"><span class='ocrx_word' id='word_1_181' title='bbox 95 1510 142 1545; x_wconf 78' lang='lat'><strong>20</strong></span> <span class='ocrx_word' id='word_1_182' title='bbox 155 1497 227 1542; x_wconf 75' lang='grc' dir='ltr'><strong>ἐπὶ</strong></span> <span class='ocrx_word' id='word_1_183' title='bbox 252 1499 433 1552; x_wconf 82' lang='grc' dir='ltr'><em>βασιλέα</em></span> <span class='ocrx_word' id='word_1_184' title='bbox 462 1496 716 1552; x_wconf 80' lang='grc' dir='ltr'><em>Ἀμουράτη,</em></span> <span class='ocrx_word' id='word_1_185' title='bbox 747 1494 1010 1549; x_wconf 80' lang='grc' dir='ltr'><em>καταβάντας</em></span> <span class='ocrx_word' id='word_1_186' title='bbox 1039 1494 1113 1537; x_wconf 88' lang='grc' dir='ltr'><strong>τὸν</strong></span> <span class='ocrx_word' id='word_1_187' title='bbox 1138 1490 1301 1548; x_wconf 81' lang='grc' dir='ltr'><em>Ἵστρον</em></span> <span class='ocrx_word' id='word_1_188' title='bbox 1330 1496 1402 1538; x_wconf 79' lang='grc' dir='ltr'><strong>ἐπι</strong></span> <span class='ocrx_word' id='word_1_189' title='bbox 1428 1513 1505 1551; x_wconf 89' lang='grc' dir='ltr'><strong>την</strong></span> <span class='ocrx_word' id='word_1_190' title='bbox 1531 1495 1622 1550; x_wconf 76' lang='grc' dir='ltr'><em>χιό..</em></span> 
     </span>
     <span class='ocr_line' id='line_1_22' title="bbox 155 1560 1623 1622; baseline -0.003 -14"><span class='ocrx_word' id='word_1_191' title='bbox 155 1582 236 1622; x_wconf 85' lang='grc' dir='ltr'><strong>ραν</strong></span> <span class='ocrx_word' id='word_1_192' title='bbox 260 1567 336 1608; x_wconf 82' lang='grc' dir='ltr'><em>τοῦ</em></span> <span class='ocrx_word' id='word_1_193' title='bbox 362 1566 574 1618; x_wconf 84' lang='grc' dir='ltr'><em>βασιλέως</em></span> <span class='ocrx_word' id='word_1_194' title='bbox 603 1561 817 1616; x_wconf 79' lang='grc' dir='ltr'><em>ἐλαύνειν,</em></span> <span class='ocrx_word' id='word_1_195' title='bbox 847 1563 891 1604; x_wconf 83' lang='grc' dir='ltr'><strong>ἐν</strong></span> <span class='ocrx_word' id='word_1_196' title='bbox 921 1564 1054 1619; x_wconf 75' lang='grc' dir='ltr'><em>καιρῷ</em></span> <span class='ocrx_word' id='word_1_197' title='bbox 1085 1562 1199 1619; x_wconf 74' lang='grc' dir='ltr'><em>αὐτῷ</em></span> <span class='ocrx_word' id='word_1_198' title='bbox 1225 1560 1402 1604; x_wconf 78' lang='grc' dir='ltr'><em>ἔσεσθαι</em></span> <span class='ocrx_word' id='word_1_199' title='bbox 1434 1563 1623 1616; x_wconf 88' lang='grc' dir='ltr'><em>οἰόμενος</em></span> 
     </span>
    </p>
   </div>
   <div class='ocr_carea' id='block_1_3' title="bbox 251 1670 657 1716">
    <p class='ocr_par' dir='ltr' id='par_1_3' title="bbox 251 1670 657 1716">
     <span class='ocr_line' id='line_1_23' title="bbox 251 1670 657 1716; baseline -0.005 -10"><span class='ocrx_word' id='word_1_200' title='bbox 251 1671 309 1706; x_wconf 82' lang='lat'><strong>20.</strong></span> <span class='ocrx_word' id='word_1_201' title='bbox 335 1674 397 1706; x_wconf 84' lang='grc' dir='ltr'><strong>καὶ</strong></span> <span class='ocrx_word' id='word_1_202' title='bbox 427 1670 657 1716; x_wconf 64' lang='grc' dir='ltr'><em>διαβάνῐαςῗ</em></span> 
     </span>
    </p>
   </div>
   <div class='ocr_carea' id='block_1_4' title="bbox 158 1778 1629 2486">
    <p class='ocr_par' dir='ltr' id='par_1_4' title="bbox 158 1778 1629 2486">
     <span class='ocr_line' id='line_1_24' title="bbox 159 1778 1625 1825; baseline 0 -12"><span class='ocrx_word' id='word_1_203' title='bbox 159 1780 350 1813; x_wconf 68' lang='lat' dir='ltr'>restituere</span> <span class='ocrx_word' id='word_1_204' title='bbox 380 1780 587 1824; x_wconf 84' lang='lat' dir='ltr'><strong>pollicetur.</strong></span> <span class='ocrx_word' id='word_1_205' title='bbox 640 1779 666 1811; x_wconf 89' lang='lat' dir='ltr'><strong>si</strong></span> <span class='ocrx_word' id='word_1_206' title='bbox 698 1779 805 1824; x_wconf 80' lang='lat' dir='ltr'><strong>igitur</strong></span> <span class='ocrx_word' id='word_1_207' title='bbox 832 1790 888 1811; x_wconf 87' lang='lat' dir='ltr'><strong>me</strong></span> <span class='ocrx_word' id='word_1_208' title='bbox 916 1778 1061 1818; x_wconf 78' lang='lat' dir='ltr'>audias,</span> <span class='ocrx_word' id='word_1_209' title='bbox 1099 1779 1226 1812; x_wconf 82' lang='lat' dir='ltr'><strong>foedus</strong></span> <span class='ocrx_word' id='word_1_210' title='bbox 1255 1791 1400 1825; x_wconf 83' lang='lat' dir='ltr'><strong>panges.</strong></span> <span class='ocrx_word' id='word_1_211' title='bbox 1452 1780 1625 1814; x_wconf 86' lang='lat' dir='ltr'><strong>namhoc</strong></span> 
     </span>
     <span class='ocr_line' id='line_1_25' title="bbox 158 1826 1625 1872; baseline 0 -12"><span class='ocrx_word' id='word_1_212' title='bbox 158 1833 266 1872; x_wconf 83' lang='lat' dir='ltr'><strong>pacto</strong></span> <span class='ocrx_word' id='word_1_213' title='bbox 295 1839 347 1860; x_wconf 88' lang='lat' dir='ltr'><strong>res</strong></span> <span class='ocrx_word' id='word_1_214' title='bbox 376 1833 460 1860; x_wconf 82' lang='lat' dir='ltr'><strong>tuae</strong></span> <span class='ocrx_word' id='word_1_215' title='bbox 495 1826 541 1858; x_wconf 82' lang='lat' dir='ltr'><strong>ad</strong></span> <span class='ocrx_word' id='word_1_216' title='bbox 566 1826 701 1858; x_wconf 80' lang='lat' dir='ltr'><strong>bellum</strong></span> <span class='ocrx_word' id='word_1_217' title='bbox 738 1826 869 1859; x_wconf 88' lang='lat' dir='ltr'><strong>melius</strong></span> <span class='ocrx_word' id='word_1_218' title='bbox 904 1832 1010 1859; x_wconf 87' lang='lat' dir='ltr'><strong>erunt</strong></span> <span class='ocrx_word' id='word_1_219' title='bbox 1049 1827 1265 1869; x_wconf 87' lang='lat' dir='ltr'><strong>instructae;</strong></span> <span class='ocrx_word' id='word_1_220' title='bbox 1298 1833 1334 1860; x_wconf 90' lang='lat' dir='ltr'><strong>et</strong></span> <span class='ocrx_word' id='word_1_221' title='bbox 1358 1828 1386 1859; x_wconf 89' lang='lat' dir='ltr'><strong>si</strong></span> <span class='ocrx_word' id='word_1_222' title='bbox 1412 1826 1545 1860; x_wconf 89' lang='lat' dir='ltr'><strong>deinde</strong></span> <span class='ocrx_word' id='word_1_223' title='bbox 1569 1839 1625 1860; x_wconf 86' lang='lat' dir='ltr'><strong>se-</strong></span> 
     </span>
     <span class='ocr_line' id='line_1_26' title="bbox 161 1873 1625 1914; baseline 0.001 -8"><span class='ocrx_word' id='word_1_224' title='bbox 161 1874 280 1908; x_wconf 84' lang='lat' dir='ltr'><strong>cundo</strong></span> <span class='ocrx_word' id='word_1_225' title='bbox 307 1874 498 1907; x_wconf 72' lang='lat' dir='ltr'>accesseris</span> <span class='ocrx_word' id='word_1_226' title='bbox 527 1873 735 1912; x_wconf 75' lang='lat' dir='ltr'><strong>hostiliter,</strong></span> <span class='ocrx_word' id='word_1_227' title='bbox 775 1873 883 1906; x_wconf 83' lang='lat' dir='ltr'><strong>facile</strong></span> <span class='ocrx_word' id='word_1_228' title='bbox 908 1874 1064 1906; x_wconf 84' lang='lat' dir='ltr'><strong>vinces.&#39;&#39;</strong></span> <span class='ocrx_word' id='word_1_229' title='bbox 1128 1874 1215 1906; x_wconf 79' lang='lat' dir='ltr'><strong>haec</strong></span> <span class='ocrx_word' id='word_1_230' title='bbox 1243 1874 1303 1907; x_wconf 89' lang='lat' dir='ltr'><strong>ubi</strong></span> <span class='ocrx_word' id='word_1_231' title='bbox 1329 1879 1423 1907; x_wconf 88' lang='lat' dir='ltr'><strong>esset</strong></span> <span class='ocrx_word' id='word_1_232' title='bbox 1448 1875 1625 1914; x_wconf 89' lang='lat' dir='ltr'><strong>elocutus,</strong></span> 
     </span>
     <span class='ocr_line' id='line_1_27' title="bbox 159 1919 1627 1966; baseline 0.001 -12"><span class='ocrx_word' id='word_1_233' title='bbox 159 1922 287 1954; x_wconf 68' lang='lat' dir='ltr'><strong>statim·</strong></span> <span class='ocrx_word' id='word_1_234' title='bbox 300 1921 337 1954; x_wconf 89' lang='lat' dir='ltr'><strong>in</strong></span> <span class='ocrx_word' id='word_1_235' title='bbox 355 1922 569 1954; x_wconf 83' lang='lat' dir='ltr'><strong>senteutiam</strong></span> <span class='ocrx_word' id='word_1_236' title='bbox 585 1932 682 1953; x_wconf 87' lang='lat' dir='ltr'><strong>suam</strong></span> <span class='ocrx_word' id='word_1_237' title='bbox 699 1919 868 1965; x_wconf 80' lang='lat' dir='ltr'><strong>perduxit</strong></span> <span class='ocrx_word' id='word_1_238' title='bbox 883 1932 1011 1964; x_wconf 85' lang='lat' dir='ltr'><strong>regem.</strong></span> <span class='ocrx_word' id='word_1_239' title='bbox 1031 1922 1093 1966; x_wconf 92' lang='lat' dir='ltr'><strong>qui</strong></span> <span class='ocrx_word' id='word_1_240' title='bbox 1110 1921 1243 1954; x_wconf 88' lang='lat' dir='ltr'><strong>deinde</strong></span> <span class='ocrx_word' id='word_1_241' title='bbox 1259 1933 1302 1954; x_wconf 88' lang='lat' dir='ltr'><strong>ex</strong></span> <span class='ocrx_word' id='word_1_242' title='bbox 1321 1924 1500 1955; x_wconf 83' lang='lat' dir='ltr'><strong>sententia</strong></span> <span class='ocrx_word' id='word_1_243' title='bbox 1515 1923 1627 1961; x_wconf 88' lang='lat' dir='ltr'><strong>Bulci‚</strong></span> 
     </span>
     <span class='ocr_line' id='line_1_28' title="bbox 161 1967 1627 2014; baseline 0.001 -14"><span class='ocrx_word' id='word_1_244' title='bbox 161 1973 224 2000; x_wconf 74' lang='lat' dir='ltr'><strong>aut</strong></span> <span class='ocrx_word' id='word_1_245' title='bbox 248 1968 553 2013; x_wconf 82' lang='lat' dir='ltr'><strong>quemadmodum</strong></span> <span class='ocrx_word' id='word_1_246' title='bbox 580 1967 692 2001; x_wconf 86' lang='lat' dir='ltr'><strong>Bulco</strong></span> <span class='ocrx_word' id='word_1_247' title='bbox 718 1969 955 2013; x_wconf 77' lang='lat' dir='ltr'><strong>promiserat,</strong></span> <span class='ocrx_word' id='word_1_248' title='bbox 979 1969 1149 2002; x_wconf 72' lang='lat' dir='ltr'><strong>nuntium</strong></span> <span class='ocrx_word' id='word_1_249' title='bbox 1173 1969 1271 2002; x_wconf 83' lang='lat' dir='ltr'><strong>misit</strong></span> <span class='ocrx_word' id='word_1_250' title='bbox 1295 1970 1333 2002; x_wconf 90' lang='lat' dir='ltr'><strong>in</strong></span> <span class='ocrx_word' id='word_1_251' title='bbox 1359 1970 1484 2003; x_wconf 85' lang='lat' dir='ltr'><strong>ianuas</strong></span> <span class='ocrx_word' id='word_1_252' title='bbox 1510 1971 1627 2014; x_wconf 83' lang='lat' dir='ltr'><strong>regis,</strong></span> 
     </span>
     <span class='ocr_line' id='line_1_29' title="bbox 162 2014 1628 2061; baseline 0.002 -14"><span class='ocrx_word' id='word_1_253' title='bbox 162 2014 340 2048; x_wconf 78' lang='lat' dir='ltr'>advocans</span> <span class='ocrx_word' id='word_1_254' title='bbox 368 2016 484 2059; x_wconf 85' lang='lat' dir='ltr'><strong>regios</strong></span> <span class='ocrx_word' id='word_1_255' title='bbox 511 2015 662 2059; x_wconf 83' lang='lat' dir='ltr'><strong>legatos,</strong></span> <span class='ocrx_word' id='word_1_256' title='bbox 691 2015 793 2060; x_wconf 83' lang='lat' dir='ltr'><strong>quasi</strong></span> <span class='ocrx_word' id='word_1_257' title='bbox 820 2014 876 2048; x_wconf 87' lang='lat' dir='ltr'><strong>his</strong></span> <span class='ocrx_word' id='word_1_258' title='bbox 902 2015 1153 2060; x_wconf 87' lang='lat' dir='ltr'><strong>praesentibus</strong></span> <span class='ocrx_word' id='word_1_259' title='bbox 1174 2015 1301 2049; x_wconf 87' lang='lat' dir='ltr'><strong>foedus</strong></span> <span class='ocrx_word' id='word_1_260' title='bbox 1328 2027 1560 2061; x_wconf 85' lang='lat' dir='ltr'><strong>percussurus</strong></span> <span class='ocrx_word' id='word_1_261' title='bbox 1591 2022 1628 2050; x_wconf 89' lang='lat' dir='ltr'><strong>et</strong></span> 
     </span>
     <span class='ocr_line' id='line_1_30' title="bbox 162 2063 1629 2109; baseline 0.001 -15"><span class='ocrx_word' id='word_1_262' title='bbox 162 2063 345 2105; x_wconf 72' lang='lat' dir='ltr'><strong>regionem</strong></span> <span class='ocrx_word' id='word_1_263' title='bbox 374 2067 595 2108; x_wconf 83' lang='lat' dir='ltr'><strong>recepturus.</strong></span> <span class='ocrx_word' id='word_1_264' title='bbox 645 2063 831 2095; x_wconf 80' lang='lat' dir='ltr'><strong>Amurates</strong></span> <span class='ocrx_word' id='word_1_265' title='bbox 857 2063 967 2106; x_wconf 87' lang='lat' dir='ltr'><strong>igitur</strong></span> <span class='ocrx_word' id='word_1_266' title='bbox 990 2063 1128 2106; x_wconf 83' lang='lat' dir='ltr'><strong>legatos</strong></span> <span class='ocrx_word' id='word_1_267' title='bbox 1162 2063 1214 2095; x_wconf 87' lang='lat' dir='ltr'><strong>ire</strong></span> <span class='ocrx_word' id='word_1_268' title='bbox 1239 2063 1355 2104; x_wconf 87' lang='lat' dir='ltr'><strong>iubet,</strong></span> <span class='ocrx_word' id='word_1_269' title='bbox 1384 2075 1534 2109; x_wconf 89' lang='lat' dir='ltr'><strong>quorum</strong></span> <span class='ocrx_word' id='word_1_270' title='bbox 1562 2075 1629 2096; x_wconf 81' lang='lat' dir='ltr'><strong>au-</strong></span> 
     </span>
     <span class='ocr_line' id='line_1_31' title="bbox 163 2109 1627 2155; baseline 0.001 -13"><span class='ocrx_word' id='word_1_271' title='bbox 163 2109 333 2143; x_wconf 76' lang='lat' dir='ltr'><strong>ctoritate</strong></span> <span class='ocrx_word' id='word_1_272' title='bbox 354 2109 500 2143; x_wconf 78' lang='lat' dir='ltr'><strong>foedera</strong></span> <span class='ocrx_word' id='word_1_273' title='bbox 518 2109 666 2150; x_wconf 84' lang='lat' dir='ltr'><strong>fiebant,</strong></span> <span class='ocrx_word' id='word_1_274' title='bbox 691 2109 822 2155; x_wconf 87' lang='lat' dir='ltr'><strong>quibus</strong></span> <span class='ocrx_word' id='word_1_275' title='bbox 852 2109 1045 2143; x_wconf 83' lang='lat' dir='ltr'><strong>cavebatur</strong></span> <span class='ocrx_word' id='word_1_276' title='bbox 1063 2116 1102 2143; x_wconf 90' lang='lat' dir='ltr'><strong>ut</strong></span> <span class='ocrx_word' id='word_1_277' title='bbox 1121 2110 1296 2154; x_wconf 83' lang='lat' dir='ltr'><strong>Georgius</strong></span> <span class='ocrx_word' id='word_1_278' title='bbox 1321 2112 1503 2154; x_wconf 83' lang='lat' dir='ltr'><strong>regionem</strong></span> <span class='ocrx_word' id='word_1_279' title='bbox 1529 2123 1627 2144; x_wconf 85' lang='lat' dir='ltr'><strong>suam</strong></span> 
     </span>
     <span class='ocr_line' id='line_1_32' title="bbox 162 2157 1626 2203; baseline 0.002 -15"><span class='ocrx_word' id='word_1_280' title='bbox 162 2160 315 2198; x_wconf 75' lang='lat' dir='ltr'><strong>teneret,</strong></span> <span class='ocrx_word' id='word_1_281' title='bbox 339 2162 377 2190; x_wconf 90' lang='lat' dir='ltr'><strong>et</strong></span> <span class='ocrx_word' id='word_1_282' title='bbox 401 2157 479 2190; x_wconf 86' lang='lat' dir='ltr'><strong>eius</strong></span> <span class='ocrx_word' id='word_1_283' title='bbox 506 2157 661 2200; x_wconf 81' lang='lat' dir='ltr'><strong>regionis</strong></span> <span class='ocrx_word' id='word_1_284' title='bbox 688 2157 816 2191; x_wconf 86' lang='lat' dir='ltr'><strong>tributi</strong></span> <span class='ocrx_word' id='word_1_285' title='bbox 842 2162 981 2202; x_wconf 88' lang='lat' dir='ltr'><strong>partem</strong></span> <span class='ocrx_word' id='word_1_286' title='bbox 1016 2157 1199 2190; x_wconf 84' lang='lat' dir='ltr'><strong>dimidiam</strong></span> <span class='ocrx_word' id='word_1_287' title='bbox 1228 2158 1301 2201; x_wconf 86' lang='lat' dir='ltr'><strong>regi</strong></span> <span class='ocrx_word' id='word_1_288' title='bbox 1331 2158 1525 2203; x_wconf 80' lang='lat' dir='ltr'><strong>quotannis</strong></span> <span class='ocrx_word' id='word_1_289' title='bbox 1551 2159 1626 2191; x_wconf 92' lang='lat' dir='ltr'><strong>sol-</strong></span> 
     </span>
     <span class='ocr_line' id='line_1_33' title="bbox 163 2203 1629 2250; baseline 0.002 -15"><span class='ocrx_word' id='word_1_290' title='bbox 163 2208 277 2236; x_wconf 80' lang='lat' dir='ltr'><strong>veret.</strong></span> <span class='ocrx_word' id='word_1_291' title='bbox 328 2203 579 2238; x_wconf 73' lang='lat' dir='ltr'><strong>iusiurandum</strong></span> <span class='ocrx_word' id='word_1_292' title='bbox 618 2215 767 2250; x_wconf 87' lang='lat' dir='ltr'><strong>quoque</strong></span> <span class='ocrx_word' id='word_1_293' title='bbox 805 2203 1039 2248; x_wconf 78' lang='lat' dir='ltr'><strong>exigebatur,</strong></span> <span class='ocrx_word' id='word_1_294' title='bbox 1074 2215 1121 2237; x_wconf 89' lang='lat' dir='ltr'><strong>ne</strong></span> <span class='ocrx_word' id='word_1_295' title='bbox 1149 2205 1334 2237; x_wconf 74' lang='lat' dir='ltr'><strong>pannones</strong></span> <span class='ocrx_word' id='word_1_296' title='bbox 1364 2205 1534 2250; x_wconf 82' lang='lat' dir='ltr'><strong>deinceps</strong></span> <span class='ocrx_word' id='word_1_297' title='bbox 1559 2217 1629 2250; x_wconf 87' lang='lat' dir='ltr'><strong>po-</strong></span> 
     </span>
     <span class='ocr_line' id='line_1_34' title="bbox 166 2250 1629 2295; baseline 0.003 -14"><span class='ocrx_word' id='word_1_298' title='bbox 166 2250 379 2294; x_wconf 79' lang='lat' dir='ltr'><strong>pularentur</strong></span> <span class='ocrx_word' id='word_1_299' title='bbox 418 2252 509 2295; x_wconf 84' lang='lat' dir='ltr'><strong>regis</strong></span> <span class='ocrx_word' id='word_1_300' title='bbox 547 2252 751 2295; x_wconf 84' lang='lat' dir='ltr'><strong>regionem,</strong></span> <span class='ocrx_word' id='word_1_301' title='bbox 789 2262 879 2285; x_wconf 86' lang='lat' dir='ltr'><strong>neve</strong></span> <span class='ocrx_word' id='word_1_302' title='bbox 907 2253 1015 2285; x_wconf 87' lang='lat' dir='ltr'><strong>Turci</strong></span> <span class='ocrx_word' id='word_1_303' title='bbox 1044 2252 1239 2285; x_wconf 84' lang='lat' dir='ltr'><strong>transirent</strong></span> <span class='ocrx_word' id='word_1_304' title='bbox 1264 2251 1309 2284; x_wconf 85' lang='lat' dir='ltr'><strong>ad</strong></span> <span class='ocrx_word' id='word_1_305' title='bbox 1338 2252 1464 2285; x_wconf 78' lang='lat' dir='ltr'><strong>Istrum</strong></span> <span class='ocrx_word' id='word_1_306' title='bbox 1495 2251 1539 2284; x_wconf 86' lang='lat' dir='ltr'><strong>ad</strong></span> <span class='ocrx_word' id='word_1_307' title='bbox 1565 2263 1629 2285; x_wconf 86' lang='lat' dir='ltr'><strong>va-</strong></span> 
     </span>
     <span class='ocr_line' id='line_1_35' title="bbox 166 2296 1628 2344; baseline 0.002 -16"><span class='ocrx_word' id='word_1_308' title='bbox 166 2296 330 2330; x_wconf 72' lang='lat' dir='ltr'><strong>standan</strong></span> <span class='ocrx_word' id='word_1_309' title='bbox 357 2299 562 2331; x_wconf 74' lang='lat' dir='ltr'><strong>pannonum</strong></span> <span class='ocrx_word' id='word_1_310' title='bbox 589 2300 800 2342; x_wconf 83' lang='lat' dir='ltr'><strong>regionem:</strong></span> <span class='ocrx_word' id='word_1_311' title='bbox 827 2310 948 2332; x_wconf 86' lang='lat' dir='ltr'><strong>verum</strong></span> <span class='ocrx_word' id='word_1_312' title='bbox 986 2299 1075 2332; x_wconf 84' lang='lat' dir='ltr'><strong>fides</strong></span> <span class='ocrx_word' id='word_1_313' title='bbox 1107 2298 1343 2331; x_wconf 85' lang='lat' dir='ltr'><strong>iureiurando</strong></span> <span class='ocrx_word' id='word_1_314' title='bbox 1368 2300 1540 2344; x_wconf 89' lang='lat' dir='ltr'><strong>utrinque</strong></span> <span class='ocrx_word' id='word_1_315' title='bbox 1566 2310 1628 2331; x_wconf 86' lang='lat' dir='ltr'><strong>ac-</strong></span> 
     </span>
     <span class='ocr_line' id='line_1_36' title="bbox 165 2345 1628 2391; baseline 0.001 -15"><span class='ocrx_word' id='word_1_316' title='bbox 165 2348 270 2388; x_wconf 84' lang='lat' dir='ltr'><strong>cepta</strong></span> <span class='ocrx_word' id='word_1_317' title='bbox 294 2350 374 2386; x_wconf 88' lang='lat' dir='ltr'><strong>est,</strong></span> <span class='ocrx_word' id='word_1_318' title='bbox 411 2351 451 2379; x_wconf 75' lang='lat' dir='ltr'><strong>ut</strong></span> <span class='ocrx_word' id='word_1_319' title='bbox 476 2356 518 2378; x_wconf 90' lang='lat' dir='ltr'><strong>ex</strong></span> <span class='ocrx_word' id='word_1_320' title='bbox 558 2357 601 2379; x_wconf 91' lang='lat' dir='ltr'><strong>eo</strong></span> <span class='ocrx_word' id='word_1_321' title='bbox 626 2351 789 2390; x_wconf 87' lang='lat' dir='ltr'><strong>tempore</strong></span> <span class='ocrx_word' id='word_1_322' title='bbox 821 2347 895 2382; x_wconf 78' lang='lat' dir='ltr'><strong>sint</strong></span> <span class='ocrx_word' id='word_1_323' title='bbox 921 2347 1016 2379; x_wconf 84' lang='lat' dir='ltr'><strong>inter</strong></span> <span class='ocrx_word' id='word_1_324' title='bbox 1045 2357 1082 2379; x_wconf 89' lang='lat' dir='ltr'><strong>se</strong></span> <span class='ocrx_word' id='word_1_325' title='bbox 1124 2345 1286 2391; x_wconf 79' lang='lat' dir='ltr'><strong>hospites</strong></span> <span class='ocrx_word' id='word_1_326' title='bbox 1320 2350 1356 2378; x_wconf 88' lang='lat' dir='ltr'><strong>et</strong></span> <span class='ocrx_word' id='word_1_327' title='bbox 1381 2346 1504 2387; x_wconf 82' lang='lat' dir='ltr'><strong>amici3</strong></span> <span class='ocrx_word' id='word_1_328' title='bbox 1529 2346 1628 2391; x_wconf 88' lang='lat' dir='ltr'><strong>quod</strong></span> 
     </span>
     <span class='ocr_line' id='line_1_37' title="bbox 168 2391 1629 2439; baseline 0.003 -17"><span class='ocrx_word' id='word_1_329' title='bbox 168 2396 288 2424; x_wconf 86' lang='lat' dir='ltr'><strong>tamen</strong></span> <span class='ocrx_word' id='word_1_330' title='bbox 313 2391 448 2437; x_wconf 80' lang='lat' dir='ltr'><strong>absque</strong></span> <span class='ocrx_word' id='word_1_331' title='bbox 486 2392 571 2425; x_wconf 90' lang='lat' dir='ltr'><strong>dolo</strong></span> <span class='ocrx_word' id='word_1_332' title='bbox 606 2393 803 2437; x_wconf 81' lang='lat' dir='ltr'><strong>fraudeque</strong></span> <span class='ocrx_word' id='word_1_333' title='bbox 832 2399 1065 2439; x_wconf 84' lang='lat' dir='ltr'><strong>utrorumque</strong></span> <span class='ocrx_word' id='word_1_334' title='bbox 1094 2393 1167 2425; x_wconf 82' lang='lat' dir='ltr'><strong>fiat.</strong></span> <span class='ocrx_word' id='word_1_335' title='bbox 1228 2393 1333 2426; x_wconf 77' lang='lat' dir='ltr'><strong>Dacis</strong></span> <span class='ocrx_word' id='word_1_336' title='bbox 1364 2393 1561 2437; x_wconf 87' lang='lat' dir='ltr'><strong>imperatur</strong></span> <span class='ocrx_word' id='word_1_337' title='bbox 1590 2398 1629 2426; x_wconf 86' lang='lat' dir='ltr'><strong>ut</strong></span> 
     </span>
     <span class='ocr_line' id='line_1_38' title="bbox 166 2437 1628 2486; baseline 0.002 -16"><span class='ocrx_word' id='word_1_338' title='bbox 166 2437 241 2470; x_wconf 79' lang='lat' dir='ltr'><strong>siut</strong></span> <span class='ocrx_word' id='word_1_339' title='bbox 264 2439 357 2482; x_wconf 83' lang='lat' dir='ltr'><strong>regis</strong></span> <span class='ocrx_word' id='word_1_340' title='bbox 381 2439 575 2480; x_wconf 85' lang='lat' dir='ltr'><strong>tributarii,</strong></span> <span class='ocrx_word' id='word_1_341' title='bbox 599 2440 902 2484; x_wconf 89' lang='lat' dir='ltr'><strong>quemadmodum</strong></span> <span class='ocrx_word' id='word_1_342' title='bbox 931 2442 1028 2486; x_wconf 88' lang='lat' dir='ltr'><strong>regio</strong></span> <span class='ocrx_word' id='word_1_343' title='bbox 1055 2440 1214 2478; x_wconf 88' lang='lat' dir='ltr'><strong>foedere,</strong></span> <span class='ocrx_word' id='word_1_344' title='bbox 1241 2438 1340 2484; x_wconf 85' lang='lat' dir='ltr'><strong>quod</strong></span> <span class='ocrx_word' id='word_1_345' title='bbox 1364 2439 1435 2472; x_wconf 88' lang='lat' dir='ltr'><strong>iam</strong></span> <span class='ocrx_word' id='word_1_346' title='bbox 1457 2445 1542 2473; x_wconf 84' lang='lat' dir='ltr'><strong>ante</strong></span> <span class='ocrx_word' id='word_1_347' title='bbox 1571 2441 1628 2473; x_wconf 90' lang='lat' dir='ltr'><strong>in-</strong></span> 
     </span>
    </p>
   </div>
   <div class='ocr_carea' id='block_1_5' title="bbox 164 2486 1628 2572">
    <p class='ocr_par' dir='ltr' id='par_1_5' title="bbox 164 2486 1628 2572">
     <span class='ocr_line' id='line_1_39' title="bbox 164 2486 1628 2533; baseline 0.001 -15"><span class='ocrx_word' id='word_1_348' title='bbox 164 2489 402 2526; x_wconf 86' lang='lat' dir='ltr'><strong>tercesserat,</strong></span> <span class='ocrx_word' id='word_1_349' title='bbox 429 2486 694 2520; x_wconf 86' lang='lat' dir='ltr'><strong>continebatur.</strong></span> <span class='ocrx_word' id='word_1_350' title='bbox 752 2493 940 2533; x_wconf 86' lang='lat' dir='ltr'><strong>praeterea</strong></span> <span class='ocrx_word' id='word_1_351' title='bbox 979 2493 1019 2521; x_wconf 92' lang='lat' dir='ltr'><strong>ut</strong></span> <span class='ocrx_word' id='word_1_352' title='bbox 1052 2487 1289 2533; x_wconf 85' lang='lat' dir='ltr'><strong>pertinerent,</strong></span> <span class='ocrx_word' id='word_1_353' title='bbox 1324 2486 1628 2531; x_wconf 85' lang='lat' dir='ltr'><strong>quemadmodum</strong></span> 
     </span>
     <span class='ocr_line' id='line_1_40' title="bbox 165 2531 644 2572; baseline 0.008 -9"><span class='ocrx_word' id='word_1_354' title='bbox 165 2531 351 2572; x_wconf 83' lang='lat' dir='ltr'><strong>hactenus,</strong></span> <span class='ocrx_word' id='word_1_355' title='bbox 377 2531 423 2566; x_wconf 79' lang='lat' dir='ltr'><strong>ad</strong></span> <span class='ocrx_word' id='word_1_356' title='bbox 449 2533 644 2567; x_wconf 86' lang='lat' dir='ltr'><strong>Pannones.</strong></span> 
     </span>
    </p>
   </div>
   <div class='ocr_carea' id='block_1_6' title="bbox 167 2578 1629 2768">
    <p class='ocr_par' dir='ltr' id='par_1_6' title="bbox 167 2578 1629 2768">
     <span class='ocr_line' id='line_1_41' title="bbox 262 2578 1629 2625; baseline 0 -14"><span class='ocrx_word' id='word_1_357' title='bbox 262 2578 328 2611; x_wconf 80' lang='lat' dir='ltr'><strong>His</strong></span> <span class='ocrx_word' id='word_1_358' title='bbox 349 2580 400 2612; x_wconf 83' lang='lat' dir='ltr'><strong>ita</strong></span> <span class='ocrx_word' id='word_1_359' title='bbox 426 2581 634 2624; x_wconf 79' lang='lat' dir='ltr'><strong>compositis</strong></span> <span class='ocrx_word' id='word_1_360' title='bbox 659 2581 845 2614; x_wconf 84' lang='lat' dir='ltr'><strong>Amurates</strong></span> <span class='ocrx_word' id='word_1_361' title='bbox 890 2581 1061 2614; x_wconf 87' lang='lat' dir='ltr'><strong>continuo</strong></span> <span class='ocrx_word' id='word_1_362' title='bbox 1100 2580 1368 2625; x_wconf 78' lang='lat' dir='ltr'><strong>expeditionem</strong></span> <span class='ocrx_word' id='word_1_363' title='bbox 1409 2586 1532 2614; x_wconf 86' lang='lat' dir='ltr'><strong>contra</strong></span> <span class='ocrx_word' id='word_1_364' title='bbox 1559 2582 1629 2615; x_wconf 79' lang='lat' dir='ltr'><strong>Ca-</strong></span> 
     </span>
     <span class='ocr_line' id='line_1_42' title="bbox 167 2627 1629 2673; baseline 0.003 -15"><span class='ocrx_word' id='word_1_365' title='bbox 167 2635 352 2659; x_wconf 84' lang='lat' dir='ltr'><strong>ramanutn</strong></span> <span class='ocrx_word' id='word_1_366' title='bbox 381 2628 544 2672; x_wconf 86' lang='lat' dir='ltr'><strong>sumpsit.</strong></span> <span class='ocrx_word' id='word_1_367' title='bbox 571 2638 654 2661; x_wconf 83' lang='lat' dir='ltr'><strong>nam</strong></span> <span class='ocrx_word' id='word_1_368' title='bbox 676 2627 747 2665; x_wconf 84' lang='lat' dir='ltr'><strong>hic,</strong></span> <span class='ocrx_word' id='word_1_369' title='bbox 773 2628 836 2661; x_wconf 89' lang='lat' dir='ltr'><strong>ubi</strong></span> <span class='ocrx_word' id='word_1_370' title='bbox 853 2629 1007 2673; x_wconf 86' lang='lat' dir='ltr'><strong>primum</strong></span> <span class='ocrx_word' id='word_1_371' title='bbox 1033 2632 1249 2672; x_wconf 83' lang='lat' dir='ltr'><strong>cognoverat</strong></span> <span class='ocrx_word' id='word_1_372' title='bbox 1277 2627 1464 2661; x_wconf 72' lang='lat' dir='ltr'><strong>pannones</strong></span> <span class='ocrx_word' id='word_1_373' title='bbox 1490 2628 1629 2663; x_wconf 82' lang='lat' dir='ltr'><strong>bellum</strong></span> 
     </span>
     <span class='ocr_line' id='line_1_43' title="bbox 167 2671 1627 2728; baseline 0.003 -24"><span class='ocrx_word' id='word_1_374' title='bbox 167 2671 305 2705; x_wconf 85' lang='lat' dir='ltr'><strong>inferre</strong></span> <span class='ocrx_word' id='word_1_375' title='bbox 334 2674 490 2706; x_wconf 78' lang='lat' dir='ltr'><strong>Amurati</strong></span> <span class='ocrx_word' id='word_1_376' title='bbox 526 2675 750 2720; x_wconf 86' lang='lat' dir='ltr'><strong>traiectoque.</strong></span> <span class='ocrx_word' id='word_1_377' title='bbox 786 2676 875 2708; x_wconf 82' lang='lat' dir='ltr'><strong>istro</strong></span> <span class='ocrx_word' id='word_1_378' title='bbox 903 2676 995 2720; x_wconf 82' lang='lat' dir='ltr'><strong>regis</strong></span> <span class='ocrx_word' id='word_1_379' title='bbox 1029 2675 1210 2728; x_wconf 86' lang='lat' dir='ltr'><strong>regionem</strong></span> <span class='ocrx_word' id='word_1_380' title='bbox 1237 2680 1419 2714; x_wconf 59' lang='lat' dir='ltr'><strong>eveum-e,</strong></span> <span class='ocrx_word' id='word_1_381' title='bbox 1446 2675 1541 2709; x_wconf 87' lang='lat' dir='ltr'><strong>haud</strong></span> <span class='ocrx_word' id='word_1_382' title='bbox 1570 2677 1627 2709; x_wconf 86' lang='lat' dir='ltr'><strong>in-</strong></span> 
     </span>
     <span class='ocr_line' id='line_1_44' title="bbox 169 2700 1627 2768; baseline 0.003 -16"><span class='ocrx_word' id='word_1_383' title='bbox 169 2719 392 2753; x_wconf 83' lang='lat' dir='ltr'><strong>commodum</strong></span> <span class='ocrx_word' id='word_1_384' title='bbox 421 2720 491 2753; x_wconf 87' lang='lat' dir='ltr'><strong>sibi</strong></span> <span class='ocrx_word' id='word_1_385' title='bbox 527 2720 601 2754; x_wconf 87' lang='lat' dir='ltr'><strong>fore</strong></span> <span class='ocrx_word' id='word_1_386' title='bbox 634 2722 781 2768; x_wconf 79' lang='lat' dir='ltr'><strong>suisque</strong></span> <span class='ocrx_word' id='word_1_387' title='bbox 818 2721 923 2756; x_wconf 80' lang='lat' dir='ltr'><strong>rebus</strong></span> <span class='ocrx_word' id='word_1_388' title='bbox 950 2727 1062 2761; x_wconf 85' lang='lat' dir='ltr'><strong>ratus,</strong></span> <span class='ocrx_word' id='word_1_389' title='bbox 1099 2721 1128 2754; x_wconf 89' lang='lat' dir='ltr'><strong>si</strong></span> <span class='ocrx_word' id='word_1_390' title='bbox 1157 2721 1249 2765; x_wconf 86' lang='lat' dir='ltr'><strong>regis</strong></span> <span class='ocrx_word' id='word_1_391' title='bbox 1276 2722 1312 2755; x_wconf 88' lang='lat' dir='ltr'><strong>in</strong></span> <span class='ocrx_word' id='word_1_392' title='bbox 1340 2700 1421 2755; x_wconf 69' lang='lat' dir='ltr'><strong>Asi-*i</strong></span> <span class='ocrx_word' id='word_1_393' title='bbox 1446 2724 1627 2767; x_wconf 83' lang='lat' dir='ltr'><strong>regionem</strong></span> 
     </span>
    </p>
   </div>
  </div>
 </body>
</html>
