1884 3178
489 189 562 228 DE
602 189 774 228 REBUS
813 186 1069 228 TURClClS
1109 187 1155 226 L.
1184 188 1218 226 1.
1522 177 1581 220 55

237 287 511 343 Ἐτελεύτησε
559 289 605 329 δὲ
645 287 903 341 βασιλεύσας
943 284 1014 339 ἔτη
1062 283 1163 327 ἑπτα
1194 283 1281 326 ’nm‘
1319 280 1582 337 πεντήκοντα,
1601 284 1691 319 Ρ.28

119 353 192 396 ὑπ’
221 352 375 408 ἀνδρὸς
427 356 692 408 Τριβαλλοῦ,
720 351 914 408 τελευτὴν
954 349 1005 393 οὖ
1051 350 1158 394 κατὰ
1190 352 1372 404 βασιλέα
1401 349 1586 391 τοσαῦτα

119 423 167 463 δὲ
195 419 265 477 ἔτη
307 421 641 473 διαπολεμοῦντα
683 421 757 462 καί
788 418 890 474 ἔργα
933 418 1098 473 μεγάλα
1144 415 1497 469 ἀποδειξάμενον,
1540 411 1586 461 ὃς

118 485 218 537 τούς
245 487 456 540 μεγάλους
498 487 543 528 ἐν
573 488 625 542 τῇ
650 487 767 543 Ἀσίᾳ
799 486 1009 538 πολέμους
1037 486 1111 525 καί
1135 485 1178 526 ἐν
1204 485 1252 539 τῇ
1282 483 1468 539 Εὕρώπῃ
1496 482 1589 522 δια-

86 550 364 607 5πολεμῆσας
391 554 437 603 ἓξ
464 551 538 594 καί
565 550 805 607 τριάκοντα,
853 553 896 600 ἐς
927 551 1128 592 τοσοῦτον
1156 544 1272 606 aiu?
1299 550 1428 602 μετῆν
1459 547 1592 601 τύχης

120 633 167 661 τε
196 615 287 671 ἅμα
315 621 389 660 καί
424 619 574 673 α’ρετῆς
613 614 723 660 ὥστε
756 619 969 672 μηδέποτε
1007 616 1240 671 ἡττηθῆναι
1278 616 1323 657 ἐν
1351 613 1484 671 μάχῃ,
1514 614 1594 654 δύ-

124 698 252 736 ναμιν
288 684 336 725 δὲ
360 685 436 725 καί
480 683 624 737 χώραν
668 680 903 736 ἀξιόχρεων
941 681 1231 735 ὑπαγόμενος,
1258 682 1346 722 κατ’
1381 674 1515 735 ἄμφω
1546 679 1593 720 δὲ

120 748 178 792 τώ
213 749 399 804 η’πείρω,
440 747 484 798 ἐς
512 752 645 805 γῆρας
686 745 766 804 ἤδη
805 747 924 801 βαθὺ
970 745 1225 803 α’φικόμενος
1263 746 1322 802 μη
1361 747 1594 799 μεθιῖεσθαι

122 817 206 856 τῶν
235 817 445 867 πολεμίων
470 813 626 870 μάχης,
657 811 747 857 ἀλλ’
778 816 848 857 αἐἰ
874 818 1074 856 λυττῶντι
1095 815 1278 856 ἐοικέναι
1307 815 1380 855 ε’πί
1408 811 1486 866 τὴν
1514 810 1595 864 μά-

69 896 214 937 ιοχην,
245 877 460 936 ἄπληστον
490 883 537 924 δὲ
567 881 758 935 αἱμάτων
783 880 1006 935 γενόμενον
1034 881 1273 936 ἁπανταχῇ.
1320 874 1372 935 ἦν
1403 880 1448 920 δὲ
1480 879 1596 935 αὐτῷ

124 949 268 989 παῦλα
301 950 381 989 τῶν
401 947 611 1000 πολεμίων
639 948 663 1003 ἦ
696 950 778 990 τῶν
803 950 1060 1002 κυνηγεσίων
1088 941 1213 1001 ἄγρα,
1244 949 1398 1001 μελέτη
1428 960 1471 986 τε
1503 941 1632 996 ἅμαΒ

123 1015 198 1056 καί
224 1015 361 1068 τριβή.
388 1017 574 1068 καθῆστο
603 1016 650 1057 δὲ
678 1015 848 1071 ου’δαμῇ
876 1015 1107 1065 οὐδέποτε,
1139 1014 1230 1054 ἀλλ’
1265 1011 1392 1053 ὁπότε
1421 1010 1480 1065 μη
1513 1010 1597 1063 μοί-

120 1095 256 1135 χοιτο,
289 1083 480 1135 κυνηγῶν
520 1083 707 1123 διετέλει.
784 1085 960 1122 πλεῖστα
993 1081 1038 1121 δὲ
1070 1081 1112 1128 ἐς
1141 1081 1262 1121 τοῦτο
1293 1081 1375 1120 τῶν
1404 1076 1485 1132 πρὸ
1521 1077 1597 1118 av’-

124 1148 202 1188 τοῦ
230 1150 442 1201 βασιλέων
471 1146 669 1197 δόξαντος
698 1147 835 1189 αὐτοῦ
867 1148 1177 1201 ἐνευδοκιμεῖν,
1207 1145 1398 1200 σπουδήν
1431 1160 1475 1186 τε
1504 1139 1596 1197 ἅμα

70 1211 198 1257 15καὶ
225 1215 440 1268 ταχυτῆτα
475 1212 788 1266 ἐνδεικνύμενος
837 1213 1010 1270 ου’δαμῇ
1051 1210 1258 1254 ἐλάσσονα
1301 1211 1373 1253 ἐπὶ
1401 1208 1542 1265 γήρως
1571 1206 1599 1264 ἦ

124 1279 196 1324 ἐπὶ
217 1281 420 1335 νεότητος.
491 1275 540 1335 ἦν
572 1281 620 1322 δὲ
643 1279 724 1335 πρὸ
752 1282 917 1321 πολλῶν
959 1280 1180 1335 ἐπιφανῶν
1209 1275 1423 1333 ἡγεμόνων
1452 1292 1495 1318 τε
1525 1275 1598 1318 καί

124 1348 363 1402 βασιλέων,
407 1346 651 1404 καὶἱπάντῃ
697 1345 949 1395 οἷοκνότατός
981 1361 1026 1387 τε
1062 1346 1134 1386 καί
1174 1343 1512 1392 σπουδαιότατος
1554 1343 1597 1392 ἐς

125 1412 277 1454 πάντα.
349 1411 515 1455 πάντων
557 1414 606 1454 δὲ
635 1411 922 1468 ἐφαπτόμενος
956 1414 1048 1453 οὐδ’
1077 1410 1218 1453 ὁτιοῦν
1247 1411 1393 1464 παρίει
1421 1408 1598 1451 ὑπόλοι-

124 1493 202 1520 πον
229 1479 312 1520 τῶν
346 1478 606 1533 πράττεσθαι
639 1471 862 1531 δεομένων.
921 1480 994 1519 καί
1033 1479 1106 1520 ε’πί
1133 1477 1264 1533 φόνον
1295 1474 1446 1518 ἐλάσαι
1473 1477 1597 1530 μέγι-

66 1555 112 1591 20
124 1561 219 1589 στον
248 1542 300 1598 δη
330 1546 414 1587 τῶν
442 1542 524 1599 πρὸ
557 1546 691 1588 αὐτοῦ
714 1547 924 1598 βασιλέων
968 1542 1075 1601 οἷκοῇ
1101 1543 1441 1600 παρειλήφαμεν,
1467 1542 1596 1596 λόγου

122 1614 265 1665 μέντοι
296 1612 496 1668 ἐπιεικείᾳ
533 1610 756 1667 χρώμενον
786 1612 830 1660 ἐς
855 1610 909 1652 τοὶ
939 1610 1128 1663 μάλιστα
1158 1612 1483 1666 προσφέρεσθαι
1511 1614 1636 1657 τοῖς-Ο

122 1693 166 1721 τε
193 1676 278 1720 ὖπό
314 1682 442 1732 χεῖρα
482 1673 620 1719 αὐτοῦ
662 1676 736 1718 καί
776 1682 865 1726 τοῖς
905 1676 1119 1732 ἡγεμόνων
1147 1678 1295 1719 παισίν
1327 1673 1384 1726 ὥς
1410 1673 1595 1730 μετριώ-

222 1795 252 1828 1.
276 1794 479 1840 τριάκοντα
502 1793 535 1828 Η
657 1793 692 1827 3.
717 1793 784 1828 ta?

219 1902 382 1936 Mortuus
408 1907 464 1936 est
475 1915 490 1944 ,·
517 1913 597 1936 cum
623 1912 733 1947 regno
761 1902 980 1947 praefuisset
1017 1902 1121 1935 annis
1149 1901 1416 1947 quinquaginta
1441 1904 1595 1946 septem,

125 1949 297 1996 vitaeque
324 1950 459 1983 exitum
487 1948 617 1983 habuit
644 1949 855 1983 interfectus
887 1961 906 1982 a
933 1949 1112 1991 Triballo,
1138 1960 1213 1982 non
1242 1949 1305 1995 qui
1330 1958 1448 1992 regem
1480 1947 1594 1980 dece-

125 1997 190 2031 bat
218 1997 327 2030 talem
346 2022 355 2037 ,
380 1997 443 2043 qui
468 2002 525 2030 tot
547 1997 650 2030 annis
673 1996 771 2030 bella
795 1997 962 2041 gessisset
993 1997 1181 2042 multaque
1211 2002 1247 2029 et
1274 1996 1456 2041 praeclara
1485 2006 1596 2040 opera

128 2044 296 2087 secisset3
327 2050 516 2089 praeterea
554 2044 617 2089 qui
643 2055 770 2087 magna
805 2044 905 2077 bella
931 2045 970 2077 in
995 2044 1138 2089 Europa
1164 2044 1322 2089 Asiaque
1351 2053 1501 2076 numero
1527 2043 1591 2074 tri-

126 2092 225 2137 ginta
250 2097 388 2138 septem
415 2091 642 2131 confecisset,
667 2092 731 2124 tali
763 2103 846 2124 usus
874 2097 911 2124 et
946 2091 1080 2125 virtute
1107 2091 1326 2136 fortunaque
1355 2095 1396 2123 ut
1421 2090 1460 2123 in
1487 2089 1590 2122 nullo

126 2139 242 2173 victus
282 2138 540 2173 succubuisset.
601 2137 739 2172 adhaec
767 2149 929 2182 magnam
955 2139 1155 2184 potentiam
1193 2139 1450 2183 regionemque
1475 2137 1593 2182 pluri-

126 2197 218 2220 mam
246 2186 283 2219 in
314 2191 466 2231 utraque
498 2186 708 2220 continente
743 2186 812 2219 sibi
842 2187 1000 2231 paravit,
1040 2197 1119 2218 cum
1144 2184 1189 2218 ad
1217 2185 1365 2217 multam
1406 2186 1478 2216 iam
1504 2195 1594 2228 pro·

126 2233 291 2267 cessisset
326 2238 494 2267 aetatem.
551 2245 737 2279 uunquam
774 2232 947 2278 cupidine
987 2244 1104 2266 rerum
1141 2231 1204 2265 sed
1242 2231 1341 2265 rabie
1380 2231 1594 2265 trahebatur

127 2279 174 2314 ad
198 2280 398 2326 praelium,
432 2291 500 2313 nec
525 2292 684 2325 unquam
710 2291 836 2313 cruore
871 2281 1023 2313 saturari
1049 2281 1181 2326 potuit.
1232 2279 1378 2325 quando
1408 2279 1520 2311 otium
1547 2277 1592 2310 ab

128 2328 232 2361 hoste
257 2333 345 2368 erat,
370 2328 555 2361 venationi
584 2327 805 2372 indulgebat,
839 2326 968 2360 studiis
994 2333 1031 2361 et
1055 2327 1313 2373 tranquillitati
1344 2337 1381 2358 se
1403 2336 1591 2371 nunquam

129 2374 262 2408 dabat:
286 2386 410 2409 verum
451 2386 529 2408 cum
565 2375 686 2408 nullus
729 2375 823 2408 foret
847 2374 971 2415 hostis,
1009 2374 1195 2408 venationi
1221 2373 1463 2412 incumbebat,
1490 2374 1592 2405 cuius

130 2422 258 2467 peritia
282 2427 527 2455 antecessores
553 2434 635 2455 suos
661 2423 767 2467 longe
795 2422 1008 2455 excellebat.
1059 2421 1287 2465 diligentiam
1316 2426 1352 2454 et
1371 2420 1592 2453 celeritatem

130 2471 169 2502 in
208 2467 313 2502 rebus
349 2469 514 2512 gerendis
553 2480 628 2502 non
666 2470 843 2502 minorem
894 2481 1004 2502 senex
1037 2481 1144 2514 quam
1184 2468 1323 2500 iuvenis
1364 2465 1593 2500 ostendebat.

130 2515 417 2561 promptitudine
438 2522 475 2550 et
500 2516 687 2550 alacritate
729 2516 909 2550 indefessa
945 2517 1119 2561 plurimos
1148 2515 1308 2548 illustres
1337 2513 1445 2547 duces
1473 2519 1510 2547 et
1538 2525 1594 2546 re-

130 2574 192 2608 ges
217 2564 254 2596 in
281 2562 385 2596 rebus
418 2563 582 2608 gerendis
622 2564 796 2597 anteibat.
846 2563 966 2597 omnia
1001 2564 1051 2596 sic
1086 2561 1388 2606 aggrediebatur,
1427 2566 1466 2595 ut
1497 2560 1592 2595 nihil

131 2618 375 2655 eorumquae
400 2612 600 2644 necessaria
627 2610 748 2644 forent
782 2610 1051 2655 negligentibus
1076 2611 1270 2643 omitteret.
1323 2610 1496 2642 maiorem
1524 2608 1592 2641 lio-

131 2658 266 2690 minum
292 2655 438 2690 caedem
462 2658 549 2691 fecit
574 2669 679 2704 quam
709 2669 832 2692 omnes
857 2658 912 2691 sui
941 2663 1197 2691 antecessores.
1248 2655 1412 2690 subditos
1440 2656 1592 2689 maxima

132 2704 280 2749 regebat
303 2715 506 2738 sermonum
533 2706 718 2751 aequitate
747 2711 784 2738 et
809 2706 990 2738 comitate.
1052 2703 1180 2736 ducum
1208 2702 1292 2736 filiis
1312 2702 1594 2737 conversabatur

133 2751 562 2798 quam.moderatissime.
614 2752 904 2798 expeditissimus
932 2752 1001 2785 suit
1025 2750 1069 2784 ad
1090 2749 1341 2784 honorandum
1366 2755 1404 2784 et
1429 2750 1591 2796 compel-
