1800 3172
180 186 231 222 vl
423 185 749 224 IMMANUELIS
790 186 1013 224 BEKKER!
1059 187 1372 227 PRAEFATIO.

184 285 365 347 recepit
415 295 462 331 et
491 287 628 332 variis
672 286 956 332 lectionibus
1001 289 1191 350 suisque
1236 289 1520 334 coniecturis
1550 305 1605 334 ae

179 367 304 410 notis
340 367 567 411 instruere
597 368 783 427 coepit,
818 384 928 412 mox
959 368 1155 428 propius
1172 368 1414 429 cognitum
1436 369 1603 413 simul-

178 461 272 506 que
307 445 606 507 desperatum
653 446 712 492 de
748 448 967 492 manibus
1010 446 1232 508 deposuit
1263 464 1420 509 neque
1450 449 1604 511 >attigit

177 525 395 586 amplius,
425 524 582 570 donec
627 525 812 572 fastidio
848 542 933 572 suo
970 527 1253 572 immortuus
1287 527 1600 574 hereditatem

176 605 418 649 molestiae
448 605 568 649 mihi
601 606 872 652 transmisit.

304 684 466 729 Variae
491 694 666 745 autem,
701 702 817 747 quas
841 687 1119 746 memoravi,
1152 687 1380 732 lectiones
1411 696 1513 733 tum
1549 704 1603 733 ex

178 762 423 809 codicibus
458 766 609 826 Regiis
639 781 666 810 a
686 767 886 812 Fabroto
923 767 1102 811 collatis
1136 768 1310 829 petitae
1344 776 1469 828 sunt,
1500 777 1603 814 tum

175 860 229 888 ex
264 845 539 907 apographo
570 845 878 907 Tubingensi,
913 847 986 892 cui
1023 846 1165 892 index

430 925 675 969 Νικολάου
715 924 1059 971 Χαλκονδύλου
1105 927 1371 989 ἱστορικόν,
1401 923 1517 972 &sev
1549 943 1603 972 τε

429 1001 635 1066 ἤρξαντο
665 1006 711 1050 οἱ
748 1007 987 1052 αὐθένται
1004 1010 1097 1052 τῶν
1114 1009 1332 1068 Τούρκων
1364 1006 1446 1052 καὶ
1477 1008 1605 1070 πρά-

424 1085 512 1138 ξεις
564 1088 722 1131 αὐτῶν
777 1086 859 1130 καὶ
909 1083 1331 1149 ἄνδραγαὲήματα
1381 1083 1461 1140 ἕως
1510 1091 1604 1133 τῶν

424 1159 872 1226 ἀνδραγαθημάτων
937 1172 1029 1213 τοῦ
1085 1169 1293 1228 μεγάλου
1357 1169 1602 1213 αὐθέντου

426 1250 518 1290 τοῦ
550 1248 834 1308 Μεχμέτεω.

427 1326 626 1372 studiosi
675 1328 896 1387 iuvenes,
937 1328 1068 1374 docti
1112 1338 1158 1374 et
1200 1330 1351 1389 boni,
1384 1329 1505 1375 mihi
1538 1329 1598 1375 M.

425 1408 627 1452 Martino
650 1405 832 1467 Crusio,
863 1407 1105 1470 Tubingae
1140 1410 1386 1470 utriusque
1414 1409 1601 1472 linguae

423 1487 627 1547 doctori,
658 1487 894 1533 amicitiae
931 1505 1040 1550 ergo
1076 1489 1385 1550 descriptum,
1419 1489 1599 1534 mensi-

429 1569 518 1613 bus
547 1568 714 1613 Martio
751 1577 798 1614 et
831 1569 994 1630 Aprili,
1028 1585 1155 1614 anno
1199 1573 1337 1614 1575.

426 1648 666 1708 exemplar
699 1649 856 1710 ipsum
892 1649 1032 1694 nimis
1065 1665 1151 1710 per
1182 1665 1231 1694 se
1265 1649 1354 1694 fuit
1387 1648 1592 1695 mendo-

422 1745 544 1787 sum,
579 1737 626 1773 et
655 1744 743 1773 nos
770 1728 830 1774 de
865 1728 1094 1774 industria
1127 1745 1287 1775 sumus
1322 1728 1371 1774 id
1408 1729 1594 1775 imitati.

167 1819 423 1871 utrumque
453 1825 600 1870 genus
635 1825 733 1854 non
758 1809 1130 1855 exhauriendum
1155 1811 1274 1855 mihi
1304 1810 1479 1871 putavi,
1513 1810 1599 1856 sed

169 1889 504 1935 delibandum:
557 1906 666 1934 nam
710 1891 793 1935 ubi
829 1890 980 1935 codex
1021 1891 1191 1952 aliquis
1234 1891 1391 1943 ταύτη
1424 1890 1600 1937 habeat

167 1987 254 2032 pro
287 1971 462 2032 ταύτῃ,
495 1970 636 2015 ubive
672 1972 720 2014 ἐκ
741 1973 831 2014 τοῦ
855 1969 1044 2014 εὶκότου
1064 1970 1317 2033 legendum
1339 1987 1588 2032 propona-

167 2059 243 2095 tur
276 2067 364 2112 pro
401 2052 449 2094 ἐκ
484 2052 573 2094 τοῦ
606 2049 813 2111 εἰκότως,
846 2050 897 2096 id
923 2067 1033 2097 vero
1072 2067 1210 2097 nosse
1241 2052 1373 2096 euius
1402 2051 1596 2099 tandem

167 2139 326 2192 potest
358 2132 615 2176 interesse?

295 2211 549 2274 Subiungit
583 2213 731 2258 editio
767 2212 1041 2257 Parisiensis
1070 2220 1116 2256 et
1151 2211 1351 2257 Annales
1385 2212 1597 2257 sultano-

166 2308 270 2337 rum
308 2292 708 2339 Othmanidarum
760 2309 786 2338 a
818 2292 1100 2338 Leunclavio
1140 2292 1304 2338 Latine
1351 2288 1509 2337 versos
1551 2301 1598 2338 et

166 2371 378 2420 eiusdem
416 2373 687 2419 pandecten
722 2373 947 2421 historiae
973 2373 1223 2432 Tureicae3
1261 2373 1435 2433 quibus
1463 2371 1595 2416 facile

165 2469 323 2498 careas
341 2463 450 2515 post
463 2454 843 2499 Hammerianam
863 2453 1049 2514 imperii
1072 2452 1313 2498 Osmauici
1331 2452 1591 2498 historiam.

293 2549 442 2595 Scrib.
480 2551 684 2596 Berolini
714 2549 759 2596 d.
793 2552 853 2595 ‘25
889 2549 992 2596 Oct.
1029 2565 1068 2594 a.
1106 2546 1244 2594 1841.
