1858 3210
531 147 604 184 DE
643 146 817 186 REBUS
855 144 1107 186 TURClClS
1148 147 1195 185 L.
1225 147 1296 185 vi.
1532 141 1629 187 309

167 245 298 298 ἡμῶν.
357 246 545 292 Παίονες
574 243 666 298 γάρ.
688 243 775 285 οἵδε
805 243 1179 297 ἐκστρατευόμενοι
1198 277 1208 296 ,
1238 242 1311 286 καὶ
1337 243 1436 293 τούς
1463 244 1673 293 ΔακούςΒ

158 311 250 354 καὶ,
285 312 530 364 Τριβαλλῶν
578 306 761 363 ἡγεμόνα
803 308 1153 363 παραλαβόντες,
1192 310 1496 364 στρατεύονται
1538 313 1635 352 καθ’

164 375 300 430 ἡμῶν.
358 378 432 416 νῦν
458 373 548 430 ιῖίρα
579 376 704 430 ἐστίν,
731 374 776 417 εἴ
795 390 836 416 τι
863 373 1026 427 aya-‘My
1046 390 1111 424 τις
1139 376 1312 429 ἐπινοεῖ,
1345 372 1457 425 ὅπως
1479 377 1634 430 κρατῆ-
1650 385 1772 419 v.128

166 458 240 485 σαι
268 442 389 483 τόνδε
429 441 498 484 τὸν
526 442 711 494 πόλεμον
737 442 972 494 τιθεμένοις
1013 435 1064 481 εὖ
1093 443 1254 495 γένοιτο
1287 440 1410 495 ἡμῖν,
1457 444 1637 499 φράζειν

132 509 212 550 ὀὲν
237 509 292 564 τῷ
319 506 506 562 παρόντι.
576 506 673 560 ἐμοί
708 506 790 561 γὰρ
821 508 1055 561 πολεμητέα
1097 521 1140 548 τε
1171 502 1278 548 εἶναι
1308 506 1423 560 ἡμῖν,
1450 507 1523 550 καί
1547 509 1638 561 μά-

165 589 248 628 χην
290 569 354 615 δ’τι
399 571 580 627 τάχιστα
621 576 870 628 ποιεῖσθαι,
912 571 1232 625 συμβάλλοντας
1275 579 1362 622 τοῖς
1392 576 1636 628 πολεμίοις·

166 639 358 694 αἱρήσειν
403 639 484 694 γὰρ
526 636 645 692 οἶμαι
687 640 802 694 ἡμᾶς
845 637 996 681 τούσδε
1035 639 1202 693 ὀλίγους
1232 655 1274 680 τε
1318 635 1440 689 ὄντας
1487 644 1529 690 ἐς
1563 641 1637 684 τόν

165 703 369 760 ἀριθμόν.
435 707 512 747 νῦν
555 707 600 747 δὲ
631 707 751 747 δοκεῖ
773 721 848 757 μοι
895 704 1022 757 ὁμόσε
1052 706 1194 755 ἰόντας
1223 705 1299 759 τὴν
1326 709 1469 762 μα’χην
1503 714 1635 749 ποιεῖ-

164 774 271 814 σθαι
308 774 382 814 καί
416 770 476 826 μή
509 773 786 824 διαμέλλειν.”
857 774 995 813 ταῦτα
1039 769 1227 820 εἰπόντος
1259 774 1333 814 τοῦ
1361 772 1635 828 Ἀμουροίτεω

110 836 366 893 ῙΟΧασίμης
412 837 434 879 ὁ
476 840 548 892 τῆς
595 835 803 893 Εὕριόπης
842 837 1108 893 στρατηγός,
1141 838 1379 892 ἐποτρῦνων
1408 840 1451 887 ἐς
1481 841 1676 894 μάχην,(;

162 901 275 954 ἔλεξε
300 903 454 946 τοιάδε.
514 898 574 945 “ui
612 906 806 960 βασιλεῦ,
846 904 923 946 οὐκ
960 903 1071 946 ἔστιν
1116 900 1233 953 ὅστις
1262 906 1339 945 ουίι
1365 906 1636 947 ἐπαινέσεται

162 967 286 1012 τόνδε
313 969 384 1011 τόν
413 971 549 1024 λόγον,
576 968 633 1020 ὥς
665 974 838 1023 βασιλεῖ’
862 986 907 1011 τε
947 971 1172 1026 προσήκων
1202 968 1370 1028 μεγάλῳ
1398 970 1471 1012 καί
1494 971 1635 1014 Ὀτου..

161 1031 333 1093 μανίδῃ,
362 1033 409 1086 ὃς
438 1043 526 1086 τοῖς
556 1039 772 1090 πολεμίοις
802 1037 929 1079 ου’δὲν
946 1039 1180 1092 ἐφιέμενος,
1209 1032 1387 1092 ἇνδράσι
1415 1053 1459 1078 τε
1487 1037 1629 1091 ὀλίγον

163 1101 309 1155 οἶξιόις,
339 1105 412 1144 καί
450 1103 524 1157 τήν
552 1118 596 1144 τε
636 1103 786 1157 χώραν
830 1099 1066 1154 ἀνασώζειν
1097 1104 1236 1159 πειρᾷ.
1307 1098 1358 1156 ἢν
1389 1105 1434 1144 δὲ
1463 1103 1521 1159 μὴ
1550 1121 1633 1157 μα-

107 1169 356 1222 ιόχώμε-Ία,
384 1168 484 1222 ἡμῖν
512 1185 555 1210 τε
597 1168 650 1210 τοὶ
688 1167 943 1224 φρονήματα
991 1168 1246 1221 α’πόλλυται,
1290 1170 1631 1222 ἑγκαθιστάμενα

162 1233 244 1275 ὑπὸ
278 1236 401 1284 δέους
425 1236 499 1276 τοῦ
526 1237 757 1290 βασιλέως,
801 1234 875 1277 καί
909 1242 991 1284 τοῖς
1031 1238 1244 1289 πολεμίοις
1285 1237 1630 1292 ἐρρωμενέστερα

160 1303 333 1355 γίνεται.
403 1301 476 1343 καί
521 1303 691 1342 δέδοικα
729 1301 786 1356 μή
821 1305 863 1350 ἐς
892 1299 1155 1358 τοῦναντιόν,
1184 1301 1212 1358 ἢ
1244 1305 1363 1344 δοκεῖ
1390 1301 1490 1356 ἡμῖν
1519 1304 1632 1359 ‹riqi-

161 1371 253 1409 λεια
282 1366 471 1421 ἔσεσθαι,
506 1370 682 1424 περιστῇ
712 1369 735 1422 ἢ
768 1369 810 1416 ἐς
840 1367 918 1422 τήν
943 1367 1085 1424 μα’χην
1114 1370 1313 1424 ἀναβολή.
1372 1373 1446 1411 καί
1465 1372 1563 1423 ε’μοί
1587 1387 1632 1412 τε

162 1435 239 1475 ov‘x
270 1434 502 1488 α’νιίσχετον
542 1434 615 1489 τὴν
644 1433 783 1489 οἷρχὴν
813 1435 948 1476 ἐδόκει
991 1434 1068 1490 τήν
1098 1451 1144 1477 τε
1174 1436 1337 1479 εἴσοδον
1368 1437 1632 1493 φράττεσθαι

101 1510 148 1544 20
162 1498 218 1548 ὥς
249 1502 450 1543 δεδιότων
481 1501 611 1555 ἡμῶν,
641 1503 716 1542 καί
744 1499 902 1556 ταύτην
935 1502 1054 1556 ἡμῶν
1080 1503 1138 1559 τῷ
1164 1505 1333 1560 στρατῷ
1359 1502 1436 1558 τήν
1467 1501 1674 1545 ἔννοιανΙ)

159 1567 378 1619 ἐμβαλεῖν.
448 1569 541 1609 ἀλλ’
581 1566 690 1609 ⁶253&
739 1566 869 1622 ἐχρῆν
903 1567 1068 1620 ἰόντας,
1113 1567 1249 1618 εΰθύς
1292 1566 1634 1611 ἀνακινδυνεύειν

163 1634 512 1686 συμβάλλοντας,
545 1635 616 1676 καί
654 1633 787 1690 ταύτῃ
831 1637 1122 1690 πειρωμένους
1159 1635 1309 1686 σώζειν
1352 1633 1428 1689 τήν
1474 1634 1631 1691 χώραν,

255 1757 288 1790 3.
314 1758 490 1805 κρατήσει
511 1759 537 1791 Ρ
672 1758 727 1792 17.
751 1751 773 1806 ᾗ
800 1759 823 1791 Ρ

164 1872 230 1906 pus
247 1866 320 1902 est,
346 1861 376 1895 si
401 1862 482 1907 quis
508 1862 597 1908 quid
626 1863 729 1896 novit
753 1862 852 1907 quod
871 1861 962 1895 belli
985 1861 1171 1895 victoriam
1199 1861 1382 1905 largiatur,
1409 1871 1631 1905 expromere,

163 1919 231 1942 nee
256 1907 295 1941 id
319 1919 384 1942 nos
410 1910 450 1943 in
476 1910 759 1954 praesentiarum
782 1910 909 1943 celare.
935 1909 1023 1943 mihi
1051 1910 1144 1942 enim
1163 1935 1172 1949 ,
1199 1914 1238 1942 ut
1266 1908 1480 1941 sententiam
1513 1918 1629 1940 meam

163 1954 358 1999 proferam,
384 1956 616 2000 pugnandum
658 1968 735 1990 esse
761 1957 924 1996 videtur,
951 1962 988 1990 et
1016 1957 1112 1989 omni
1144 1967 1243 1989 mora
1269 1957 1384 2001 posita
1401 1981 1409 1995 ‚
1438 1965 1543 2000 quam
1570 1966 1629 1987 ce..

163 2001 308 2035 lerriine
332 2003 508 2047 praelium
526 2003 736 2037 ineundum.
765 2015 850 2037 nam
874 2004 981 2037 facile
1003 2015 1067 2036 nos
1091 2003 1242 2036 victoria
1258 2003 1438 2048 potituros
1461 2002 1627 2042 arbitror,

163 2060 244 2082 cum
270 2049 394 2083 hostes
418 2050 526 2084 nobis
551 2062 700 2084 numero
722 2052 796 2084 sint
818 2052 1017 2096 pauciores.
1072 2051 1122 2083 sic
1142 2051 1253 2095 igitur
1281 2049 1456 2094 agendum
1485 2060 1625 2088 censeo,

163 2101 204 2129 ut
228 2098 402 2130 contiuuo
446 2108 540 2131 arma
579 2099 806 2143 arripiamus,
840 2109 1042 2144 manusque
1083 2109 1161 2131 cum
1187 2097 1291 2130 hoste
1318 2107 1504 2129 conserere
1531 2095 1625 2128 nihil

160 2145 400 2177 cunctemur.'’
450 2156 528 2178 cum
555 2157 616 2178 rex
642 2145 788 2179 dicendi
814 2145 853 2179 in
877 2145 975 2179 hunc
1000 2145 1144 2179 modum
1171 2144 1279 2178 finem
1307 2143 1464 2182 fecisset,
1492 2142 1625 2175 Chasa-

159 2199 225 2225 net
247 2189 412 2237 Europae
442 2191 527 2233 dux,
553 2204 626 2238 quo
655 2195 765 2237 magis
793 2203 910 2237 regem
937 2192 983 2225 ad
1008 2191 1263 2238 capessendum
1290 2191 1465 2236 praelium
1492 2201 1623 2222 accen-

160 2235 275 2278 deret,
299 2237 549 2274 huiuscemodi
575 2241 775 2273 orationem
802 2239 942 2272 habuit.
992 2245 1040 2273 “o
1066 2251 1137 2281 rex,
1164 2250 1238 2272 non
1265 2244 1319 2271 est
1348 2238 1409 2283 qui
1439 2248 1512 2269 non
1541 2238 1622 2269 lau-

161 2282 268 2317 dibus
293 2285 404 2320 vebat
428 2287 629 2320 orationem
654 2293 764 2328 tuam,
792 2298 900 2332 quam
935 2286 1044 2320 modo
1070 2287 1106 2319 in
1138 2286 1296 2319 medium
1324 2283 1518 2317 adduxisti.
1569 2289 1623 2316 est

160 2331 258 2364 enim
283 2343 364 2376 rege
388 2344 516 2378 magno
558 2340 596 2367 et
623 2333 839 2368 Otomanide
866 2334 1010 2379 digna,
1036 2335 1099 2380 qui
1125 2333 1290 2366 hostibus
1320 2331 1501 2364 vilissimis
1528 2330 1621 2362 nihil

157 2377 206 2411 sit
231 2389 404 2420 cessurus,
428 2391 550 2414 verum
577 2382 756 2425 regionem
783 2390 884 2415 suam
917 2393 1057 2414 servare
1082 2391 1217 2414 summa
1245 2391 1313 2424 ope
1341 2383 1501 2411 conetur.
1552 2378 1621 2409 nisi

160 2426 256 2458 enim
282 2437 440 2471 pugnare
469 2428 744 2467 instituerimus,
771 2428 946 2462 fortitudo
968 2435 1090 2462 nostra
1116 2426 1263 2472 peribit,
1290 2425 1461 2470 impedita
1491 2425 1620 2457 timore

160 2474 272 2516 regis:
299 2472 464 2507 hostibus
487 2486 572 2508 vero
593 2476 770 2509 fortitudo
788 2481 935 2517 crescet,
962 2487 1159 2520 eorumque
1186 2485 1239 2506 res
1267 2484 1379 2517 usque
1399 2473 1619 2504 incrementa

158 2524 312 2552 sument.
382 2531 426 2552 ex
460 2533 557 2554 mora
587 2534 715 2556 vereor
753 2534 799 2556 ne
828 2523 920 2556 nihil
948 2523 1131 2562 utilitatis,
1155 2532 1275 2554 verum
1304 2519 1495 2564 plurimum
1524 2520 1620 2562 peri-

158 2567 229 2599 culi
255 2567 451 2612 capiamus.
510 2569 617 2602 etiam
661 2570 821 2614 proxima
854 2581 997 2615 pugnae
1023 2580 1120 2601 mora
1140 2594 1148 2607 ,
1193 2578 1284 2612 quae
1313 2567 1399 2598 mihi
1427 2565 1619 2598 admodum

159 2613 358 2658 displicuit,
376 2625 455 2647 cum
481 2613 733 2650 decerneretur
759 2623 798 2650 ut
817 2618 947 2650 montis
964 2616 1148 2660 angustiae
1167 2613 1355 2647 arboribus
1385 2614 1495 2646 caesis
1520 2614 1618 2646 clau-

157 2659 342 2701 dei-entur,
369 2661 538 2695 nonnihil
567 2663 783 2697 incommodi
811 2664 916 2697 nobis
943 2664 1084 2700 attulit,
1111 2662 1195 2693 (lum
1219 2672 1284 2693 nos
1313 2661 1444 2693 timore
1472 2661 1617 2705 percul-

159 2719 214 2741 sos
241 2709 377 2753 praelio
404 2709 583 2742 abstinere
623 2710 746 2744 hostes
790 2710 988 2744 crederem.
1053 2709 1134 2742 talis
1173 2708 1264 2740 fama
1300 2719 1525 2753 nequaquam
1554 2719 1617 2753 per
