<?xml version="1.0" encoding="UTF-8"?>
<!DOCTYPE html PUBLIC "-//W3C//DTD XHTML 1.0 Transitional//EN"
    "http://www.w3.org/TR/xhtml1/DTD/xhtml1-transitional.dtd">
<html xmlns="http://www.w3.org/1999/xhtml" xml:lang="en" lang="en">
 <head>
  <title>
</title>
<meta http-equiv="Content-Type" content="text/html;charset=utf-8" />
  <meta name='ocr-system' content='tesseract 3.04.00' />
  <meta name='ocr-capabilities' content='ocr_page ocr_carea ocr_par ocr_line ocrx_word'/>
</head>
<body>
  <div class='ocr_page' id='page_1' title='image "./corpusscriptorum32niebuoft_0432.png"; bbox 0 0 1774 3204; ppageno 0'>
   <div class='ocr_carea' id='block_1_1' title="bbox 241 200 1322 248">
    <p class='ocr_par' dir='ltr' id='par_1_1' title="bbox 241 200 1322 248">
     <span class='ocr_line' id='line_1_1' title="bbox 241 200 1322 248; baseline -0.006 0"><span class='ocrx_word' id='word_1_1' title='bbox 241 200 338 248; x_wconf 76' lang='lat'><strong>420</strong></span> <span class='ocrx_word' id='word_1_2' title='bbox 557 201 775 243; x_wconf 74' lang='lat' dir='ltr'><strong>LAoNici</strong></span> <span class='ocrx_word' id='word_1_3' title='bbox 816 200 1322 243; x_wconf 72' lang='lat' dir='ltr'>CHALCOCONDYLAE</span> 
     </span>
    </p>
   </div>
   <div class='ocr_carea' id='block_1_2' title="bbox 102 298 1726 2683">
    <p class='ocr_par' dir='ltr' id='par_1_2' title="bbox 102 298 1726 2683">
     <span class='ocr_line' id='line_1_2' title="bbox 239 298 1669 358; baseline -0.003 -14"><span class='ocrx_word' id='word_1_4' title='bbox 239 308 374 358; x_wconf 82' lang='grc' dir='ltr'><strong><em>βησαν</em></strong></span> <span class='ocrx_word' id='word_1_5' title='bbox 415 300 454 342; x_wconf 83' lang='grc' dir='ltr'><strong>οἱ</strong></span> <span class='ocrx_word' id='word_1_6' title='bbox 498 300 715 353; x_wconf 80' lang='grc' dir='ltr'><strong><em>νεήλυδες,</em></strong></span> <span class='ocrx_word' id='word_1_7' title='bbox 761 298 833 340; x_wconf 82' lang='grc' dir='ltr'><strong><em>καί</em></strong></span> <span class='ocrx_word' id='word_1_8' title='bbox 871 298 1098 350; x_wconf 78' lang='grc' dir='ltr'><em>ἀποβάντες</em></span> <span class='ocrx_word' id='word_1_9' title='bbox 1141 301 1216 341; x_wconf 80' lang='grc' dir='ltr'><strong>τοῦ</strong></span> <span class='ocrx_word' id='word_1_10' title='bbox 1252 299 1413 351; x_wconf 80' lang='grc' dir='ltr'><strong><em>τείχους</em></strong></span> <span class='ocrx_word' id='word_1_11' title='bbox 1445 300 1669 352; x_wconf 80' lang='grc' dir='ltr'><strong><em>εἰσεχέοντο</em></strong></span> 
     </span>
     <span class='ocr_line' id='line_1_3' title="bbox 239 360 1669 420; baseline -0.004 -12"><span class='ocrx_word' id='word_1_12' title='bbox 239 371 280 415; x_wconf 80' lang='grc' dir='ltr'><strong>ἐς</strong></span> <span class='ocrx_word' id='word_1_13' title='bbox 311 366 386 420; x_wconf 82' lang='grc' dir='ltr'><strong>τήν</strong></span> <span class='ocrx_word' id='word_1_14' title='bbox 416 367 550 416; x_wconf 86' lang='grc' dir='ltr'><strong><em>πόλιν,</em></strong></span> <span class='ocrx_word' id='word_1_15' title='bbox 582 366 654 404; x_wconf 83' lang='grc' dir='ltr'><strong><em>καί</em></strong></span> <span class='ocrx_word' id='word_1_16' title='bbox 670 363 928 412; x_wconf 87' lang='grc' dir='ltr'><strong><em>εἰσπεσόντες</em></strong></span> <span class='ocrx_word' id='word_1_17' title='bbox 953 363 1143 415; x_wconf 86' lang='grc' dir='ltr'><strong><em>ἐνόμιζον</em></strong></span> <span class='ocrx_word' id='word_1_18' title='bbox 1173 360 1252 418; x_wconf 73' lang='grc' dir='ltr'><strong>ἤδη</strong></span> <span class='ocrx_word' id='word_1_19' title='bbox 1278 366 1567 418; x_wconf 77' lang='grc' dir='ltr'><strong><em>κατειληφέναι</em></strong></span> <span class='ocrx_word' id='word_1_20' title='bbox 1599 362 1669 416; x_wconf 75' lang='grc' dir='ltr'><strong>τήν</strong></span> 
     </span>
     <span class='ocr_line' id='line_1_4' title="bbox 238 423 1667 484; baseline -0.001 -13"><span class='ocrx_word' id='word_1_21' title='bbox 238 432 368 472; x_wconf 85' lang='grc' dir='ltr'><strong><em>πόλιν.</em></strong></span> <span class='ocrx_word' id='word_1_22' title='bbox 425 429 464 470; x_wconf 84' lang='grc' dir='ltr'><strong>οἱ</strong></span> <span class='ocrx_word' id='word_1_23' title='bbox 497 430 542 469; x_wconf 83' lang='grc' dir='ltr'><strong>δὲ</strong></span> <span class='ocrx_word' id='word_1_24' title='bbox 573 427 616 470; x_wconf 79' lang='grc' dir='ltr'><strong>ἐν</strong></span> <span class='ocrx_word' id='word_1_25' title='bbox 644 430 695 484; x_wconf 82' lang='grc' dir='ltr'><strong>τῇ</strong></span> <span class='ocrx_word' id='word_1_26' title='bbox 726 427 842 469; x_wconf 88' lang='grc' dir='ltr'><strong><em>πόλει</em></strong></span> <span class='ocrx_word' id='word_1_27' title='bbox 865 430 939 469; x_wconf 83' lang='grc' dir='ltr'><strong><em>καί</em></strong></span> <span class='ocrx_word' id='word_1_28' title='bbox 966 428 1003 469; x_wconf 84' lang='grc' dir='ltr'><strong>οἱ</strong></span> <span class='ocrx_word' id='word_1_29' title='bbox 1041 429 1138 481; x_wconf 75' lang='grc' dir='ltr'><strong><em>περὶ</em></strong></span> <span class='ocrx_word' id='word_1_30' title='bbox 1165 428 1386 482; x_wconf 78' lang='grc' dir='ltr'><strong><em>Χωνιιὶτην</em></strong></span> <span class='ocrx_word' id='word_1_31' title='bbox 1414 423 1496 469; x_wconf 80' lang='grc' dir='ltr'><strong>ὧδε</strong></span> <span class='ocrx_word' id='word_1_32' title='bbox 1526 444 1667 481; x_wconf 75' lang='grc' dir='ltr'><strong><em>παρα-</em></strong></span> 
     </span>
     <span class='ocr_line' id='line_1_5' title="bbox 102 489 1666 547; baseline -0.003 -10"><span class='ocrx_word' id='word_1_33' title='bbox 102 493 505 546; x_wconf 66' lang='grc' dir='ltr'><strong><em>ν,174σκευσοὶμενοι</em></strong></span> <span class='ocrx_word' id='word_1_34' title='bbox 543 495 737 545; x_wconf 75' lang='grc' dir='ltr'><strong><em>ἐπέμενον</em></strong></span> <span class='ocrx_word' id='word_1_35' title='bbox 765 489 871 534; x_wconf 75' lang='grc' dir='ltr'><strong><em>ὥστε</em></strong></span> <span class='ocrx_word' id='word_1_36' title='bbox 900 494 1100 534; x_wconf 72' lang='grc' dir='ltr'><strong><em>εἰσελθεῖν</em></strong></span> <span class='ocrx_word' id='word_1_37' title='bbox 1136 495 1232 542; x_wconf 80' lang='grc' dir='ltr'><strong><em>τοὺς</em></strong></span> <span class='ocrx_word' id='word_1_38' title='bbox 1253 493 1467 547; x_wconf 80' lang='grc' dir='ltr'><strong><em>νεήλυδας.</em></strong></span> <span class='ocrx_word' id='word_1_39' title='bbox 1525 491 1564 534; x_wconf 81' lang='grc' dir='ltr'><strong>οἱ</strong></span> <span class='ocrx_word' id='word_1_40' title='bbox 1588 493 1666 544; x_wconf 81' lang='grc' dir='ltr'><strong>μὲν</strong></span> 
     </span>
     <span class='ocr_line' id='line_1_6' title="bbox 234 554 1697 614; baseline 0 -14"><span class='ocrx_word' id='word_1_41' title='bbox 234 558 314 613; x_wconf 73' lang='grc' dir='ltr'><strong>γὰρ</strong></span> <span class='ocrx_word' id='word_1_42' title='bbox 349 560 392 600; x_wconf 84' lang='grc' dir='ltr'><strong>ἐν</strong></span> <span class='ocrx_word' id='word_1_43' title='bbox 414 560 463 614; x_wconf 83' lang='grc' dir='ltr'><strong>τῇ</strong></span> <span class='ocrx_word' id='word_1_44' title='bbox 495 556 716 612; x_wconf 83' lang='grc' dir='ltr'><strong><em>α’κροπόλει</em></strong></span> <span class='ocrx_word' id='word_1_45' title='bbox 741 554 914 604; x_wconf 73' lang='grc' dir='ltr'><strong><em>ἑστῶτες</em></strong></span> <span class='ocrx_word' id='word_1_46' title='bbox 944 556 1130 611; x_wconf 77' lang='grc' dir='ltr'><strong><em>ξύνθημα</em></strong></span> <span class='ocrx_word' id='word_1_47' title='bbox 1149 556 1282 612; x_wconf 78' lang='grc' dir='ltr'><strong><em>ἔσχον,</em></strong></span> <span class='ocrx_word' id='word_1_48' title='bbox 1309 556 1476 599; x_wconf 77' lang='grc' dir='ltr'><strong><em>ἐπειδὰν</em></strong></span> <span class='ocrx_word' id='word_1_49' title='bbox 1505 557 1530 611; x_wconf 83' lang='grc' dir='ltr'><em>ἧ</em></span> <span class='ocrx_word' id='word_1_50' title='bbox 1560 558 1697 601; x_wconf 61' lang='lat' dir='ltr'><strong>ada-5</strong></span> 
     </span>
     <span class='ocr_line' id='line_1_7' title="bbox 235 621 1667 677; baseline -0.001 -12"><span class='ocrx_word' id='word_1_51' title='bbox 235 629 329 677; x_wconf 81' lang='grc' dir='ltr'><strong><em>πιγξ</em></strong></span> <span class='ocrx_word' id='word_1_52' title='bbox 371 623 569 677; x_wconf 86' lang='grc' dir='ltr'><strong><em>σημήνοι,</em></strong></span> <span class='ocrx_word' id='word_1_53' title='bbox 609 623 712 664; x_wconf 83' lang='grc' dir='ltr'><strong><em>ἰέναι</em></strong></span> <span class='ocrx_word' id='word_1_54' title='bbox 759 621 886 673; x_wconf 79' lang='grc' dir='ltr'><strong><em>ὁμόσε</em></strong></span> <span class='ocrx_word' id='word_1_55' title='bbox 914 623 984 663; x_wconf 71' lang='grc' dir='ltr'><strong>ἐπὶ</strong></span> <span class='ocrx_word' id='word_1_56' title='bbox 1019 621 1116 670; x_wconf 74' lang='grc' dir='ltr'><strong>τούς</strong></span> <span class='ocrx_word' id='word_1_57' title='bbox 1144 621 1371 676; x_wconf 73' lang='grc' dir='ltr'><strong><em>νεήλυδας·</em></strong></span> <span class='ocrx_word' id='word_1_58' title='bbox 1427 621 1466 664; x_wconf 81' lang='grc' dir='ltr'><strong>οἱ</strong></span> <span class='ocrx_word' id='word_1_59' title='bbox 1494 624 1540 665; x_wconf 79' lang='grc' dir='ltr'><strong>δὲ</strong></span> <span class='ocrx_word' id='word_1_60' title='bbox 1569 624 1667 676; x_wconf 74' lang='grc' dir='ltr'><strong><em>περὶ</em></strong></span> 
     </span>
     <span class='ocr_line' id='line_1_8' title="bbox 108 688 1664 742; baseline -0.003 -10"><span class='ocrx_word' id='word_1_61' title='bbox 108 705 220 738; x_wconf 76' lang='lat' dir='ltr'><strong>p‚223</strong></span> <span class='ocrx_word' id='word_1_62' title='bbox 234 690 307 739; x_wconf 79' lang='grc' dir='ltr'><strong>τὰς</strong></span> <span class='ocrx_word' id='word_1_63' title='bbox 335 689 523 738; x_wconf 80' lang='grc' dir='ltr'><strong><em>ἐπάλξεις</em></strong></span> <span class='ocrx_word' id='word_1_64' title='bbox 550 691 622 729; x_wconf 85' lang='grc' dir='ltr'><strong><em>καί</em></strong></span> <span class='ocrx_word' id='word_1_65' title='bbox 640 689 713 728; x_wconf 84' lang='grc' dir='ltr'><strong>τοῦ</strong></span> <span class='ocrx_word' id='word_1_66' title='bbox 738 690 899 739; x_wconf 81' lang='grc' dir='ltr'><strong><em>τείχους</em></strong></span> <span class='ocrx_word' id='word_1_67' title='bbox 917 688 1271 741; x_wconf 73' lang='grc' dir='ltr'><strong><em>ὑποχωρήσαντες,</em></strong></span> <span class='ocrx_word' id='word_1_68' title='bbox 1292 690 1556 742; x_wconf 83' lang='grc' dir='ltr'><strong><em>ἐπηγγέλλετο</em></strong></span> <span class='ocrx_word' id='word_1_69' title='bbox 1583 688 1664 742; x_wconf 79' lang='grc' dir='ltr'><strong>γὰρ</strong></span> 
     </span>
     <span class='ocr_line' id='line_1_9' title="bbox 231 749 1666 809; baseline -0.003 -13"><span class='ocrx_word' id='word_1_70' title='bbox 231 756 377 809; x_wconf 77' lang='grc' dir='ltr'><strong><em>σφίσιν</em></strong></span> <span class='ocrx_word' id='word_1_71' title='bbox 407 749 517 794; x_wconf 73' lang='grc' dir='ltr'><strong><em>οὕτω</em></strong></span> <span class='ocrx_word' id='word_1_72' title='bbox 546 750 625 792; x_wconf 79' lang='grc' dir='ltr'><strong>ὖπὸ</strong></span> <span class='ocrx_word' id='word_1_73' title='bbox 655 753 729 792; x_wconf 83' lang='grc' dir='ltr'><strong>τοῦ</strong></span> <span class='ocrx_word' id='word_1_74' title='bbox 757 751 1001 806; x_wconf 78' lang='grc' dir='ltr'><strong><em>Χωνιάτου,</em></strong></span> <span class='ocrx_word' id='word_1_75' title='bbox 1036 750 1138 793; x_wconf 70' lang='grc' dir='ltr'><strong><em>ὥστε</em></strong></span> <span class='ocrx_word' id='word_1_76' title='bbox 1177 751 1221 794; x_wconf 78' lang='grc' dir='ltr'><strong>έν</strong></span> <span class='ocrx_word' id='word_1_77' title='bbox 1251 752 1369 809; x_wconf 70' lang='grc' dir='ltr'><strong><em>ἀδείᾳ</em></strong></span> <span class='ocrx_word' id='word_1_78' title='bbox 1397 753 1491 800; x_wconf 77' lang='grc' dir='ltr'><strong><em>τοὺς</em></strong></span> <span class='ocrx_word' id='word_1_79' title='bbox 1518 752 1666 806; x_wconf 87' lang='grc' dir='ltr'><strong><em>νεήλυ-</em></strong></span> 
     </span>
     <span class='ocr_line' id='line_1_10' title="bbox 233 815 1718 871; baseline -0.001 -12"><span class='ocrx_word' id='word_1_80' title='bbox 233 821 308 868; x_wconf 83' lang='grc' dir='ltr'><strong>δας</strong></span> <span class='ocrx_word' id='word_1_81' title='bbox 337 820 509 860; x_wconf 84' lang='grc' dir='ltr'><strong><em>εἰσιέναι</em></strong></span> <span class='ocrx_word' id='word_1_82' title='bbox 540 818 611 858; x_wconf 77' lang='grc' dir='ltr'><strong>ἐπὶ</strong></span> <span class='ocrx_word' id='word_1_83' title='bbox 637 816 709 870; x_wconf 82' lang='grc' dir='ltr'><strong>τὴν</strong></span> <span class='ocrx_word' id='word_1_84' title='bbox 737 817 876 869; x_wconf 87' lang='grc' dir='ltr'><strong><em>πόλιν,</em></strong></span> <span class='ocrx_word' id='word_1_85' title='bbox 905 820 977 858; x_wconf 75' lang='grc' dir='ltr'><strong><em>καί</em></strong></span> <span class='ocrx_word' id='word_1_86' title='bbox 1003 815 1155 858; x_wconf 79' lang='grc' dir='ltr'><strong><em>ὁπόταν</em></strong></span> <span class='ocrx_word' id='word_1_87' title='bbox 1176 815 1350 871; x_wconf 85' lang='grc' dir='ltr'><strong><em>σημήνοι</em></strong></span> <span class='ocrx_word' id='word_1_88' title='bbox 1377 815 1398 858; x_wconf 83' lang='grc' dir='ltr'><em>ὃ</em></span> <span class='ocrx_word' id='word_1_89' title='bbox 1417 816 1668 870; x_wconf 72' lang='grc' dir='ltr'><strong><em>σαλπιγκτής</em></strong></span> <span class='ocrx_word' id='word_1_90' title='bbox 1715 821 1718 824; x_wconf 71' lang='grc'>’</span> 
     </span>
     <span class='ocr_line' id='line_1_11' title="bbox 231 879 1721 940; baseline -0.001 -14"><span class='ocrx_word' id='word_1_91' title='bbox 231 885 283 940; x_wconf 83' lang='grc' dir='ltr'><strong>τῇ</strong></span> <span class='ocrx_word' id='word_1_92' title='bbox 310 883 524 938; x_wconf 77' lang='grc' dir='ltr'><strong><em>σάλπιγγι,</em></strong></span> <span class='ocrx_word' id='word_1_93' title='bbox 566 881 638 923; x_wconf 83' lang='grc' dir='ltr'><strong><em>καί</em></strong></span> <span class='ocrx_word' id='word_1_94' title='bbox 677 881 832 929; x_wconf 74' lang='grc' dir='ltr'><strong><em>αὕτούς</em></strong></span> <span class='ocrx_word' id='word_1_95' title='bbox 877 879 1017 930; x_wconf 82' lang='grc' dir='ltr'><strong><em>ἰόντας</em></strong></span> <span class='ocrx_word' id='word_1_96' title='bbox 1055 883 1194 939; x_wconf 78' lang='grc' dir='ltr'><strong><em>δρόμῳ</em></strong></span> <span class='ocrx_word' id='word_1_97' title='bbox 1234 880 1570 934; x_wconf 76' lang='grc' dir='ltr'><strong><em>καταλαμβάνειν</em></strong></span> <span class='ocrx_word' id='word_1_98' title='bbox 1593 881 1665 935; x_wconf 79' lang='grc' dir='ltr'><strong>τήν</strong></span> <span class='ocrx_word' id='word_1_99' title='bbox 1681 890 1721 924; x_wconf 82' lang='lat'><strong>10</strong></span> 
     </span>
     <span class='ocr_line' id='line_1_12' title="bbox 230 945 1665 1002; baseline -0.002 -12"><span class='ocrx_word' id='word_1_100' title='bbox 230 948 383 991; x_wconf 70' lang='grc' dir='ltr'><strong><em>ἑαυτοῦ</em></strong></span> <span class='ocrx_word' id='word_1_101' title='bbox 407 949 554 1002; x_wconf 79' lang='grc' dir='ltr'><strong><em>χώραν</em></strong></span> <span class='ocrx_word' id='word_1_102' title='bbox 582 947 765 999; x_wconf 78' lang='grc' dir='ltr'><strong><em>ἕκαστος,</em></strong></span> <span class='ocrx_word' id='word_1_103' title='bbox 794 946 868 987; x_wconf 84' lang='grc' dir='ltr'><strong><em>καί</em></strong></span> <span class='ocrx_word' id='word_1_104' title='bbox 894 946 1213 1000; x_wconf 76' lang='grc' dir='ltr'><strong><em>ἀπειλημμένοις</em></strong></span> <span class='ocrx_word' id='word_1_105' title='bbox 1239 950 1426 1001; x_wconf 68' lang='grc' dir='ltr'><strong><em>χρῆσθαι</em></strong></span> <span class='ocrx_word' id='word_1_106' title='bbox 1454 953 1540 995; x_wconf 88' lang='grc' dir='ltr'><strong><em>τοῖς</em></strong></span> <span class='ocrx_word' id='word_1_107' title='bbox 1571 945 1665 1000; x_wconf 86' lang='grc' dir='ltr'><strong><em>νεή-</em></strong></span> 
     </span>
     <span class='ocr_line' id='line_1_13' title="bbox 232 1009 1667 1065; baseline -0.003 -8"><span class='ocrx_word' id='word_1_108' title='bbox 232 1021 350 1057; x_wconf 88' lang='grc' dir='ltr'><strong><em>λυσιν</em></strong></span> <span class='ocrx_word' id='word_1_109' title='bbox 379 1011 399 1055; x_wconf 75' lang='grc' dir='ltr'><strong>δ’</strong></span> <span class='ocrx_word' id='word_1_110' title='bbox 427 1029 466 1055; x_wconf 88' lang='grc' dir='ltr'><strong>τι</strong></span> <span class='ocrx_word' id='word_1_111' title='bbox 503 1011 555 1054; x_wconf 69' lang='grc' dir='ltr'><strong>ἄν</strong></span> <span class='ocrx_word' id='word_1_112' title='bbox 583 1011 829 1065; x_wconf 80' lang='grc' dir='ltr'><strong><em>βούλωνται.</em></strong></span> <span class='ocrx_word' id='word_1_113' title='bbox 857 1009 897 1052; x_wconf 79' lang='grc' dir='ltr'><strong>οἱ</strong></span> <span class='ocrx_word' id='word_1_114' title='bbox 922 1012 1062 1063; x_wconf 87' lang='grc' dir='ltr'><strong><em>μέντοι</em></strong></span> <span class='ocrx_word' id='word_1_115' title='bbox 1079 1011 1272 1065; x_wconf 86' lang='grc' dir='ltr'><strong><em>νεήλυδες</em></strong></span> <span class='ocrx_word' id='word_1_116' title='bbox 1298 1013 1429 1053; x_wconf 74' lang='grc' dir='ltr'><strong><em>ἕωθεν</em></strong></span> <span class='ocrx_word' id='word_1_117' title='bbox 1454 1012 1510 1060; x_wconf 75' lang='grc' dir='ltr'><strong>ὥς</strong></span> <span class='ocrx_word' id='word_1_118' title='bbox 1538 1027 1667 1064; x_wconf 83' lang='grc' dir='ltr'><strong><em>προσ-</em></strong></span> 
     </span>
     <span class='ocr_line' id='line_1_14' title="bbox 230 1071 1669 1133; baseline -0.003 -11"><span class='ocrx_word' id='word_1_119' title='bbox 230 1083 378 1133; x_wconf 79' lang='grc' dir='ltr'><strong><em>έβαλον</em></strong></span> <span class='ocrx_word' id='word_1_120' title='bbox 397 1110 409 1131; x_wconf 87' lang='grc'><strong><em>,</em></strong></span> <span class='ocrx_word' id='word_1_121' title='bbox 440 1078 592 1119; x_wconf 68' lang='grc' dir='ltr'><strong><em>αὐτίκα</em></strong></span> <span class='ocrx_word' id='word_1_122' title='bbox 618 1075 950 1130; x_wconf 73' lang='grc' dir='ltr'><strong><em>ἐπεισπεσόντες,</em></strong></span> <span class='ocrx_word' id='word_1_123' title='bbox 979 1075 1150 1123; x_wconf 83' lang='grc' dir='ltr'><strong><em>ου’δενὸς</em></strong></span> <span class='ocrx_word' id='word_1_124' title='bbox 1169 1076 1315 1130; x_wconf 73' lang='grc' dir='ltr'><strong><em>σφίσιν</em></strong></span> <span class='ocrx_word' id='word_1_125' title='bbox 1343 1077 1534 1129; x_wconf 80' lang='grc' dir='ltr'><strong><em>ἐμποδών</em></strong></span> <span class='ocrx_word' id='word_1_126' title='bbox 1554 1071 1669 1125; x_wconf 72' lang='grc' dir='ltr'><strong><em>ὄντος</em></strong></span> 
     </span>
     <span class='ocr_line' id='line_1_15' title="bbox 235 1135 1668 1199; baseline -0.003 -15"><span class='ocrx_word' id='word_1_127' title='bbox 235 1140 671 1199; x_wconf 74' lang='grc' dir='ltr'><strong><em>(ὑπεξεκεχωρήκεσαν</em></strong></span> <span class='ocrx_word' id='word_1_128' title='bbox 698 1135 778 1195; x_wconf 76' lang='grc' dir='ltr'><strong>ἤδη</strong></span> <span class='ocrx_word' id='word_1_129' title='bbox 812 1139 850 1182; x_wconf 86' lang='grc' dir='ltr'><strong>οἱ</strong></span> <span class='ocrx_word' id='word_1_130' title='bbox 869 1143 1065 1191; x_wconf 79' lang='grc' dir='ltr'><strong><em>Παίονες,</em></strong></span> <span class='ocrx_word' id='word_1_131' title='bbox 1098 1141 1154 1187; x_wconf 77' lang='grc' dir='ltr'><strong>ὥς</strong></span> <span class='ocrx_word' id='word_1_132' title='bbox 1185 1139 1229 1181; x_wconf 88' lang='grc' dir='ltr'>τό</span> <span class='ocrx_word' id='word_1_133' title='bbox 1261 1139 1477 1196; x_wconf 75' lang='grc' dir='ltr'><strong><em>σύνθημα)</em></strong></span> <span class='ocrx_word' id='word_1_134' title='bbox 1506 1140 1579 1182; x_wconf 85' lang='grc' dir='ltr'><strong><em>καί</em></strong></span> <span class='ocrx_word' id='word_1_135' title='bbox 1601 1155 1668 1182; x_wconf 83' lang='grc' dir='ltr'><strong>νο-</strong></span> 
     </span>
     <span class='ocr_line' id='line_1_16' title="bbox 236 1202 1725 1261; baseline -0.001 -12"><span class='ocrx_word' id='word_1_136' title='bbox 236 1211 429 1260; x_wconf 82' lang='grc' dir='ltr'><strong><em>μίσαντες</em></strong></span> <span class='ocrx_word' id='word_1_137' title='bbox 457 1208 710 1261; x_wconf 78' lang='grc' dir='ltr'><strong><em>πεφευγέναι</em></strong></span> <span class='ocrx_word' id='word_1_138' title='bbox 729 1206 980 1257; x_wconf 80' lang='grc' dir='ltr'><strong><em>εἰσεχέοντο,</em></strong></span> <span class='ocrx_word' id='word_1_139' title='bbox 1007 1205 1064 1252; x_wconf 76' lang='grc' dir='ltr'><strong>ὥς</strong></span> <span class='ocrx_word' id='word_1_140' title='bbox 1094 1202 1290 1258; x_wconf 82' lang='grc' dir='ltr'><strong><em>ε’δηλοῦτό</em></strong></span> <span class='ocrx_word' id='word_1_141' title='bbox 1320 1219 1406 1259; x_wconf 87' lang='grc' dir='ltr'><strong><em>μοι,</em></strong></span> <span class='ocrx_word' id='word_1_142' title='bbox 1432 1208 1474 1253; x_wconf 86' lang='grc' dir='ltr'><strong>ές</strong></span> <span class='ocrx_word' id='word_1_143' title='bbox 1489 1205 1565 1259; x_wconf 80' lang='grc' dir='ltr'><strong>τὴν</strong></span> <span class='ocrx_word' id='word_1_144' title='bbox 1593 1203 1667 1246; x_wconf 85' lang='grc' dir='ltr'><strong>πό-</strong></span> <span class='ocrx_word' id='word_1_145' title='bbox 1683 1215 1725 1247; x_wconf 85' lang='lat'><strong>15</strong></span> 
     </span>
     <span class='ocr_line' id='line_1_17' title="bbox 235 1265 1671 1325; baseline -0.001 -12"><span class='ocrx_word' id='word_1_146' title='bbox 235 1278 311 1322; x_wconf 86' lang='grc' dir='ltr'><strong><em>λιν,</em></strong></span> <span class='ocrx_word' id='word_1_147' title='bbox 343 1273 415 1312; x_wconf 84' lang='grc' dir='ltr'><strong><em>καί</em></strong></span> <span class='ocrx_word' id='word_1_148' title='bbox 444 1270 696 1323; x_wconf 81' lang='grc' dir='ltr'><strong><em>τραπόμενοι</em></strong></span> <span class='ocrx_word' id='word_1_149' title='bbox 738 1265 860 1317; x_wconf 68' lang='grc' dir='ltr'><strong><em>ἄλλος</em></strong></span> <span class='ocrx_word' id='word_1_150' title='bbox 905 1265 1008 1325; x_wconf 70' lang='grc' dir='ltr'><strong><em>ἄλλῃ</em></strong></span> <span class='ocrx_word' id='word_1_151' title='bbox 1035 1269 1261 1322; x_wconf 75' lang='grc' dir='ltr'><strong><em>διήρπαζον</em></strong></span> <span class='ocrx_word' id='word_1_152' title='bbox 1289 1269 1365 1324; x_wconf 81' lang='grc' dir='ltr'><strong>τήν</strong></span> <span class='ocrx_word' id='word_1_153' title='bbox 1393 1271 1524 1312; x_wconf 89' lang='grc' dir='ltr'><strong><em>πόλιν.</em></strong></span> <span class='ocrx_word' id='word_1_154' title='bbox 1577 1273 1671 1313; x_wconf 82' lang='grc' dir='ltr'><strong>ἒπεί</strong></span> 
     </span>
     <span class='ocr_line' id='line_1_18' title="bbox 194 1331 1672 1389; baseline -0.001 -12"><span class='ocrx_word' id='word_1_155' title='bbox 194 1351 218 1381; x_wconf 86' lang='grc' dir='ltr'>Β</span> <span class='ocrx_word' id='word_1_156' title='bbox 235 1338 280 1377; x_wconf 81' lang='grc' dir='ltr'><strong>δὲ</strong></span> <span class='ocrx_word' id='word_1_157' title='bbox 307 1337 352 1377; x_wconf 85' lang='grc' dir='ltr'><strong>τὸ</strong></span> <span class='ocrx_word' id='word_1_158' title='bbox 384 1335 580 1389; x_wconf 71' lang='grc' dir='ltr'><strong><em>σύνθημα</em></strong></span> <span class='ocrx_word' id='word_1_159' title='bbox 612 1335 773 1375; x_wconf 76' lang='grc' dir='ltr'><strong><em>ἐδίδοτο</em></strong></span> <span class='ocrx_word' id='word_1_160' title='bbox 794 1333 865 1374; x_wconf 81' lang='grc' dir='ltr'><strong><em>καί</em></strong></span> <span class='ocrx_word' id='word_1_161' title='bbox 892 1334 915 1385; x_wconf 83' lang='grc' dir='ltr'><em>ἧ</em></span> <span class='ocrx_word' id='word_1_162' title='bbox 945 1334 1118 1386; x_wconf 76' lang='grc' dir='ltr'><strong><em>σάλπιγξ</em></strong></span> <span class='ocrx_word' id='word_1_163' title='bbox 1142 1331 1376 1386; x_wconf 78' lang='grc' dir='ltr'><strong><em>ἐσήμαινεν,</em></strong></span> <span class='ocrx_word' id='word_1_164' title='bbox 1404 1335 1445 1376; x_wconf 82' lang='grc' dir='ltr'><strong>οἱ</strong></span> <span class='ocrx_word' id='word_1_165' title='bbox 1468 1337 1547 1387; x_wconf 77' lang='grc' dir='ltr'><strong>μὲν</strong></span> <span class='ocrx_word' id='word_1_166' title='bbox 1573 1335 1672 1388; x_wconf 76' lang='grc' dir='ltr'><strong><em>περὶ</em></strong></span> 
     </span>
     <span class='ocr_line' id='line_1_19' title="bbox 235 1395 1672 1454; baseline -0.002 -11"><span class='ocrx_word' id='word_1_167' title='bbox 235 1402 284 1443; x_wconf 77' lang='grc' dir='ltr'><strong>τὰ</strong></span> <span class='ocrx_word' id='word_1_168' title='bbox 311 1403 428 1454; x_wconf 81' lang='grc' dir='ltr'><strong><em>τείχη</em></strong></span> <span class='ocrx_word' id='word_1_169' title='bbox 469 1399 666 1454; x_wconf 79' lang='grc' dir='ltr'><strong><em>πρότερον</em></strong></span> <span class='ocrx_word' id='word_1_170' title='bbox 707 1395 818 1448; x_wconf 75' lang='grc' dir='ltr'><strong><em>ὄντες</em></strong></span> <span class='ocrx_word' id='word_1_171' title='bbox 867 1395 993 1446; x_wconf 74' lang='grc' dir='ltr'><strong><em>αὖθις</em></strong></span> <span class='ocrx_word' id='word_1_172' title='bbox 1034 1396 1154 1439; x_wconf 74' lang='grc' dir='ltr'><strong><em>ἔθεον</em></strong></span> <span class='ocrx_word' id='word_1_173' title='bbox 1201 1400 1244 1446; x_wconf 81' lang='grc' dir='ltr'><strong>ἐς</strong></span> <span class='ocrx_word' id='word_1_174' title='bbox 1271 1398 1343 1447; x_wconf 70' lang='grc' dir='ltr'><strong>τὰς</strong></span> <span class='ocrx_word' id='word_1_175' title='bbox 1381 1397 1572 1450; x_wconf 77' lang='grc' dir='ltr'><strong><em>ἐπάλξεις</em></strong></span> <span class='ocrx_word' id='word_1_176' title='bbox 1599 1401 1672 1440; x_wconf 81' lang='grc' dir='ltr'><strong><em>καί</em></strong></span> 
     </span>
     <span class='ocr_line' id='line_1_20' title="bbox 235 1460 1670 1518; baseline -0.002 -12"><span class='ocrx_word' id='word_1_177' title='bbox 235 1465 530 1517; x_wconf 78' lang='grc' dir='ltr'><strong><em>α’πελὰμβανον</em></strong></span> <span class='ocrx_word' id='word_1_178' title='bbox 560 1462 658 1505; x_wconf 83' lang='grc' dir='ltr'><strong><em>εἴσω</em></strong></span> <span class='ocrx_word' id='word_1_179' title='bbox 687 1463 784 1511; x_wconf 73' lang='grc' dir='ltr'><strong>τούς</strong></span> <span class='ocrx_word' id='word_1_180' title='bbox 810 1460 1024 1516; x_wconf 86' lang='grc' dir='ltr'><strong><em>νεήλυδας,</em></strong></span> <span class='ocrx_word' id='word_1_181' title='bbox 1055 1463 1092 1503; x_wconf 87' lang='grc' dir='ltr'><strong>οἱ</strong></span> <span class='ocrx_word' id='word_1_182' title='bbox 1120 1464 1166 1504; x_wconf 78' lang='grc' dir='ltr'><strong>δὲ</strong></span> <span class='ocrx_word' id='word_1_183' title='bbox 1195 1465 1292 1515; x_wconf 80' lang='grc' dir='ltr'><strong><em>περί</em></strong></span> <span class='ocrx_word' id='word_1_184' title='bbox 1317 1461 1535 1518; x_wconf 80' lang='grc' dir='ltr'><strong><em>Χωνιάτην</em></strong></span> <span class='ocrx_word' id='word_1_185' title='bbox 1560 1462 1670 1505; x_wconf 76' lang='grc' dir='ltr'><strong><em>ἵεντο</em></strong></span> 
     </span>
     <span class='ocr_line' id='line_1_21' title="bbox 234 1522 1726 1581; baseline -0.001 -10"><span class='ocrx_word' id='word_1_186' title='bbox 234 1530 363 1581; x_wconf 82' lang='grc' dir='ltr'><strong><em>ὁμόσε</em></strong></span> <span class='ocrx_word' id='word_1_187' title='bbox 394 1529 463 1571; x_wconf 77' lang='grc' dir='ltr'><strong>ἐπὶ</strong></span> <span class='ocrx_word' id='word_1_188' title='bbox 499 1528 596 1575; x_wconf 75' lang='grc' dir='ltr'><strong>τούς</strong></span> <span class='ocrx_word' id='word_1_189' title='bbox 637 1530 849 1581; x_wconf 86' lang='grc' dir='ltr'><strong><em>νεήλυδας.</em></strong></span> <span class='ocrx_word' id='word_1_190' title='bbox 919 1522 1032 1568; x_wconf 70' lang='grc' dir='ltr'><strong><em>οὗτοι</em></strong></span> <span class='ocrx_word' id='word_1_191' title='bbox 1072 1530 1148 1579; x_wconf 82' lang='grc' dir='ltr'><strong>μὲν</strong></span> <span class='ocrx_word' id='word_1_192' title='bbox 1171 1523 1247 1568; x_wconf 72' lang='grc' dir='ltr'><strong>οὖν</strong></span> <span class='ocrx_word' id='word_1_193' title='bbox 1275 1526 1330 1574; x_wconf 75' lang='grc' dir='ltr'><strong>ὥς</strong></span> <span class='ocrx_word' id='word_1_194' title='bbox 1359 1530 1547 1570; x_wconf 81' lang='grc' dir='ltr'><strong><em>και-εἶδον</em></strong></span> <span class='ocrx_word' id='word_1_195' title='bbox 1573 1527 1726 1577; x_wconf 61' lang='grc' dir='ltr'><strong><em>τοὺςρο</em></strong></span> 
     </span>
     <span class='ocr_line' id='line_1_22' title="bbox 235 1591 1671 1649; baseline -0.001 -12"><span class='ocrx_word' id='word_1_196' title='bbox 235 1596 317 1638; x_wconf 83' lang='grc' dir='ltr'><strong><em>α’πό</em></strong></span> <span class='ocrx_word' id='word_1_197' title='bbox 345 1597 415 1649; x_wconf 76' lang='grc' dir='ltr'><strong>τῆς</strong></span> <span class='ocrx_word' id='word_1_198' title='bbox 442 1591 702 1647; x_wconf 85' lang='grc' dir='ltr'><strong><em>α’κροπόλεως</em></strong></span> <span class='ocrx_word' id='word_1_199' title='bbox 722 1595 912 1640; x_wconf 81' lang='grc' dir='ltr'><strong><em>Παίονας</em></strong></span> <span class='ocrx_word' id='word_1_200' title='bbox 940 1594 1085 1647; x_wconf 78' lang='grc' dir='ltr'><strong><em>σφίσιν</em></strong></span> <span class='ocrx_word' id='word_1_201' title='bbox 1101 1591 1304 1642; x_wconf 83' lang='grc' dir='ltr'><strong><em>ἐπιόντας,</em></strong></span> <span class='ocrx_word' id='word_1_202' title='bbox 1327 1592 1568 1647; x_wconf 73' lang='grc' dir='ltr'><strong><em>ἀνεχώρουν</em></strong></span> <span class='ocrx_word' id='word_1_203' title='bbox 1599 1595 1671 1635; x_wconf 70' lang='grc' dir='ltr'><strong>ἐπὶ</strong></span> 
     </span>
     <span class='ocr_line' id='line_1_23' title="bbox 328 1682 558 1717; baseline -0.009 -1"><span class='ocrx_word' id='word_1_204' title='bbox 328 1683 362 1716; x_wconf 87' lang='grc'><strong>6.</strong></span> <span class='ocrx_word' id='word_1_205' title='bbox 390 1682 430 1717; x_wconf 78' lang='grc' dir='ltr'><strong>δὲ</strong></span> <span class='ocrx_word' id='word_1_206' title='bbox 450 1693 506 1715; x_wconf 89' lang='lat' dir='ltr'><strong>om</strong></span> <span class='ocrx_word' id='word_1_207' title='bbox 534 1683 558 1714; x_wconf 79' lang='grc' dir='ltr'><strong><em>Ρ</em></strong></span> 
     </span>
     <span class='ocr_line' id='line_1_24' title="bbox 239 1758 1670 1802; baseline -0.001 -8"><span class='ocrx_word' id='word_1_208' title='bbox 239 1766 276 1794; x_wconf 81' lang='lat' dir='ltr'><strong>et</strong></span> <span class='ocrx_word' id='word_1_209' title='bbox 299 1772 430 1793; x_wconf 80' lang='lat' dir='ltr'><strong>cornua</strong></span> <span class='ocrx_word' id='word_1_210' title='bbox 456 1770 583 1792; x_wconf 81' lang='lat' dir='ltr'><strong>canere</strong></span> <span class='ocrx_word' id='word_1_211' title='bbox 612 1758 735 1798; x_wconf 80' lang='lat' dir='ltr'><strong>iubet,</strong></span> <span class='ocrx_word' id='word_1_212' title='bbox 764 1763 799 1790; x_wconf 90' lang='lat' dir='ltr'><strong>et</strong></span> <span class='ocrx_word' id='word_1_213' title='bbox 830 1759 1042 1802; x_wconf 70' lang='lat' dir='ltr'><strong>peregrinos</strong></span> <span class='ocrx_word' id='word_1_214' title='bbox 1070 1758 1106 1789; x_wconf 91' lang='lat' dir='ltr'><strong>in</strong></span> <span class='ocrx_word' id='word_1_215' title='bbox 1139 1769 1272 1790; x_wconf 87' lang='lat' dir='ltr'><strong>murum</strong></span> <span class='ocrx_word' id='word_1_216' title='bbox 1298 1758 1479 1791; x_wconf 83' lang='lat' dir='ltr'><strong>ductabat.</strong></span> <span class='ocrx_word' id='word_1_217' title='bbox 1527 1759 1566 1791; x_wconf 86' lang='lat' dir='ltr'><strong>hi</strong></span> <span class='ocrx_word' id='word_1_218' title='bbox 1589 1769 1670 1792; x_wconf 84' lang='lat' dir='ltr'><strong>mu·-</strong></span> 
     </span>
     <span class='ocr_line' id='line_1_25' title="bbox 242 1804 1668 1848; baseline -0.001 -9"><span class='ocrx_word' id='word_1_219' title='bbox 242 1820 314 1839; x_wconf 83' lang='lat' dir='ltr'><strong>rum</strong></span> <span class='ocrx_word' id='word_1_220' title='bbox 342 1807 511 1840; x_wconf 85' lang='lat' dir='ltr'><strong>continuo</strong></span> <span class='ocrx_word' id='word_1_221' title='bbox 538 1804 740 1837; x_wconf 82' lang='lat' dir='ltr'><strong>scandendo</strong></span> <span class='ocrx_word' id='word_1_222' title='bbox 766 1809 995 1848; x_wconf 51' lang='lat' dir='ltr'><strong>superat-unu</strong></span> <span class='ocrx_word' id='word_1_223' title='bbox 1033 1809 1070 1835; x_wconf 78' lang='lat' dir='ltr'><strong>et</strong></span> <span class='ocrx_word' id='word_1_224' title='bbox 1098 1814 1165 1847; x_wconf 82' lang='lat' dir='ltr'><strong>qua</strong></span> <span class='ocrx_word' id='word_1_225' title='bbox 1191 1805 1320 1848; x_wconf 88' lang='lat' dir='ltr'><strong>cuique</strong></span> <span class='ocrx_word' id='word_1_226' title='bbox 1345 1805 1497 1838; x_wconf 86' lang='lat' dir='ltr'><strong>liberum</strong></span> <span class='ocrx_word' id='word_1_227' title='bbox 1522 1811 1607 1845; x_wconf 74' lang='lat' dir='ltr'><strong>erat,</strong></span> <span class='ocrx_word' id='word_1_228' title='bbox 1631 1807 1668 1838; x_wconf 84' lang='lat' dir='ltr'><strong>iu</strong></span> 
     </span>
     <span class='ocr_line' id='line_1_26' title="bbox 242 1849 1669 1896; baseline -0.001 -10"><span class='ocrx_word' id='word_1_229' title='bbox 242 1854 365 1886; x_wconf 79' lang='lat' dir='ltr'><strong>urbem</strong></span> <span class='ocrx_word' id='word_1_230' title='bbox 398 1851 651 1884; x_wconf 83' lang='lat' dir='ltr'><strong>fundebantur.</strong></span> <span class='ocrx_word' id='word_1_231' title='bbox 708 1851 770 1895; x_wconf 88' lang='lat' dir='ltr'><strong>qui</strong></span> <span class='ocrx_word' id='word_1_232' title='bbox 812 1861 891 1882; x_wconf 85' lang='lat' dir='ltr'><strong>cum</strong></span> <span class='ocrx_word' id='word_1_233' title='bbox 925 1850 962 1882; x_wconf 92' lang='lat' dir='ltr'><strong>in</strong></span> <span class='ocrx_word' id='word_1_234' title='bbox 998 1849 1121 1882; x_wconf 81' lang='lat' dir='ltr'><strong>urbem</strong></span> <span class='ocrx_word' id='word_1_235' title='bbox 1149 1850 1351 1891; x_wconf 79' lang='lat' dir='ltr'><strong>intrassent,</strong></span> <span class='ocrx_word' id='word_1_236' title='bbox 1373 1861 1411 1883; x_wconf 86' lang='lat' dir='ltr'><strong>se</strong></span> <span class='ocrx_word' id='word_1_237' title='bbox 1436 1861 1513 1883; x_wconf 74' lang='lat' dir='ltr'><strong>eam</strong></span> <span class='ocrx_word' id='word_1_238' title='bbox 1533 1853 1669 1896; x_wconf 85' lang='lat' dir='ltr'><strong>cepisse</strong></span> 
     </span>
     <span class='ocr_line' id='line_1_27' title="bbox 243 1896 1670 1941; baseline -0.001 -9"><span class='ocrx_word' id='word_1_239' title='bbox 243 1899 503 1932; x_wconf 80' lang='lat' dir='ltr'>existimabant.</span> <span class='ocrx_word' id='word_1_240' title='bbox 551 1904 588 1930; x_wconf 79' lang='lat' dir='ltr'><strong>at</strong></span> <span class='ocrx_word' id='word_1_241' title='bbox 613 1897 805 1930; x_wconf 76' lang='lat' dir='ltr'><strong>Choniates</strong></span> <span class='ocrx_word' id='word_1_242' title='bbox 829 1907 908 1928; x_wconf 87' lang='lat' dir='ltr'><strong>cum</strong></span> <span class='ocrx_word' id='word_1_243' title='bbox 937 1896 1007 1927; x_wconf 88' lang='lat' dir='ltr'><strong>suis</strong></span> <span class='ocrx_word' id='word_1_244' title='bbox 1032 1896 1194 1928; x_wconf 86' lang='lat' dir='ltr'><strong>instructi</strong></span> <span class='ocrx_word' id='word_1_245' title='bbox 1225 1901 1261 1928; x_wconf 91' lang='lat' dir='ltr'><strong>et</strong></span> <span class='ocrx_word' id='word_1_246' title='bbox 1286 1898 1412 1929; x_wconf 80' lang='lat' dir='ltr'><strong>armati</strong></span> <span class='ocrx_word' id='word_1_247' title='bbox 1435 1898 1670 1941; x_wconf 67' lang='lat' dir='ltr'><strong>expectabant</strong></span> 
     </span>
     <span class='ocr_line' id='line_1_28' title="bbox 242 1941 1669 1988; baseline -0.001 -10"><span class='ocrx_word' id='word_1_248' title='bbox 242 1946 394 1985; x_wconf 76' lang='lat' dir='ltr'>occulte,</span> <span class='ocrx_word' id='word_1_249' title='bbox 417 1944 533 1976; x_wconf 88' lang='lat' dir='ltr'><strong>donec</strong></span> <span class='ocrx_word' id='word_1_250' title='bbox 560 1943 736 1988; x_wconf 85' lang='lat' dir='ltr'><strong>peregrini</strong></span> <span class='ocrx_word' id='word_1_251' title='bbox 763 1953 884 1974; x_wconf 86' lang='lat' dir='ltr'><strong>omnes</strong></span> <span class='ocrx_word' id='word_1_252' title='bbox 911 1943 947 1974; x_wconf 87' lang='lat' dir='ltr'><strong>in</strong></span> <span class='ocrx_word' id='word_1_253' title='bbox 974 1941 1060 1974; x_wconf 86' lang='lat' dir='ltr'><strong>urbe</strong></span> <span class='ocrx_word' id='word_1_254' title='bbox 1093 1943 1290 1975; x_wconf 77' lang='lat' dir='ltr'><strong>intrassent.</strong></span> <span class='ocrx_word' id='word_1_255' title='bbox 1338 1953 1420 1975; x_wconf 84' lang='lat' dir='ltr'><strong>nam</strong></span> <span class='ocrx_word' id='word_1_256' title='bbox 1445 1945 1508 1988; x_wconf 88' lang='lat' dir='ltr'><strong>qui</strong></span> <span class='ocrx_word' id='word_1_257' title='bbox 1531 1944 1568 1976; x_wconf 90' lang='lat' dir='ltr'><strong>in</strong></span> <span class='ocrx_word' id='word_1_258' title='bbox 1590 1954 1669 1976; x_wconf 75' lang='lat' dir='ltr'><strong>arce</strong></span> 
     </span>
     <span class='ocr_line' id='line_1_29' title="bbox 244 1988 1670 2032; baseline -0.001 -8"><span class='ocrx_word' id='word_1_259' title='bbox 244 1990 495 2029; x_wconf 78' lang='lat' dir='ltr'><strong>consistebant,</strong></span> <span class='ocrx_word' id='word_1_260' title='bbox 520 1996 686 2022; x_wconf 76' lang='lat' dir='ltr'><strong>tesseram</strong></span> <span class='ocrx_word' id='word_1_261' title='bbox 711 1994 924 2032; x_wconf 82' lang='lat' dir='ltr'><strong>acceperunt</strong></span> <span class='ocrx_word' id='word_1_262' title='bbox 959 1993 1000 2020; x_wconf 84' lang='lat' dir='ltr'><strong>ut</strong></span> <span class='ocrx_word' id='word_1_263' title='bbox 1023 1988 1082 2020; x_wconf 92' lang='lat' dir='ltr'><strong>ubi</strong></span> <span class='ocrx_word' id='word_1_264' title='bbox 1109 1989 1258 2031; x_wconf 89' lang='lat' dir='ltr'><strong>primum</strong></span> <span class='ocrx_word' id='word_1_265' title='bbox 1295 1989 1380 2022; x_wconf 81' lang='lat' dir='ltr'><strong>tuba</strong></span> <span class='ocrx_word' id='word_1_266' title='bbox 1404 1999 1529 2021; x_wconf 85' lang='lat' dir='ltr'><strong>sonum</strong></span> <span class='ocrx_word' id='word_1_267' title='bbox 1553 1989 1670 2022; x_wconf 86' lang='lat' dir='ltr'><strong>‹ledis-</strong></span> 
     </span>
     <span class='ocr_line' id='line_1_30' title="bbox 244 2034 1671 2081; baseline -0.003 -10"><span class='ocrx_word' id='word_1_268' title='bbox 244 2043 318 2078; x_wconf 88' lang='lat' dir='ltr'><strong>set,</strong></span> <span class='ocrx_word' id='word_1_269' title='bbox 343 2038 545 2081; x_wconf 83' lang='lat' dir='ltr'><strong>peregrinos</strong></span> <span class='ocrx_word' id='word_1_270' title='bbox 570 2035 754 2068; x_wconf 85' lang='lat' dir='ltr'><strong>confestim</strong></span> <span class='ocrx_word' id='word_1_271' title='bbox 779 2034 1013 2066; x_wconf 79' lang='lat' dir='ltr'><strong>adorirentur.</strong></span> <span class='ocrx_word' id='word_1_272' title='bbox 1063 2039 1246 2078; x_wconf 79' lang='lat' dir='ltr'><strong>praeterea</strong></span> <span class='ocrx_word' id='word_1_273' title='bbox 1272 2036 1334 2079; x_wconf 87' lang='lat' dir='ltr'><strong>qui</strong></span> <span class='ocrx_word' id='word_1_274' title='bbox 1367 2040 1472 2068; x_wconf 80' lang='lat' dir='ltr'><strong>antea</strong></span> <span class='ocrx_word' id='word_1_275' title='bbox 1501 2038 1569 2080; x_wconf 66' lang='lat' dir='ltr'><strong>per=</strong></span> <span class='ocrx_word' id='word_1_276' title='bbox 1591 2047 1671 2068; x_wconf 88' lang='lat' dir='ltr'><strong>mu-</strong></span> 
     </span>
     <span class='ocr_line' id='line_1_31' title="bbox 246 2079 1671 2126; baseline -0.003 -10"><span class='ocrx_word' id='word_1_277' title='bbox 246 2096 322 2117; x_wconf 89' lang='lat' dir='ltr'><strong>rum</strong></span> <span class='ocrx_word' id='word_1_278' title='bbox 347 2088 446 2115; x_wconf 83' lang='lat' dir='ltr'><strong>erant</strong></span> <span class='ocrx_word' id='word_1_279' title='bbox 470 2082 643 2126; x_wconf 82' lang='lat' dir='ltr'><strong>dispositi,</strong></span> <span class='ocrx_word' id='word_1_280' title='bbox 669 2082 765 2114; x_wconf 86' lang='lat' dir='ltr'><strong>iussu</strong></span> <span class='ocrx_word' id='word_1_281' title='bbox 785 2080 968 2112; x_wconf 81' lang='lat' dir='ltr'><strong>Choniatis</strong></span> <span class='ocrx_word' id='word_1_282' title='bbox 997 2091 1016 2111; x_wconf 86' lang='lat' dir='ltr'>a</span> <span class='ocrx_word' id='word_1_283' title='bbox 1037 2090 1135 2112; x_wconf 88' lang='lat' dir='ltr'><strong>muro</strong></span> <span class='ocrx_word' id='word_1_284' title='bbox 1163 2079 1402 2114; x_wconf 78' lang='lat' dir='ltr'><strong>decesserunt.</strong></span> <span class='ocrx_word' id='word_1_285' title='bbox 1449 2092 1528 2113; x_wconf 79' lang='lat' dir='ltr'><strong>nam</strong></span> <span class='ocrx_word' id='word_1_286' title='bbox 1552 2080 1606 2113; x_wconf 80' lang='lat' dir='ltr'><strong>his</strong></span> <span class='ocrx_word' id='word_1_287' title='bbox 1634 2080 1671 2112; x_wconf 87' lang='lat' dir='ltr'><strong>id</strong></span> 
     </span>
     <span class='ocr_line' id='line_1_32' title="bbox 246 2125 1671 2174; baseline -0.004 -11"><span class='ocrx_word' id='word_1_288' title='bbox 246 2131 328 2163; x_wconf 86' lang='lat' dir='ltr'><strong>ideo</strong></span> <span class='ocrx_word' id='word_1_289' title='bbox 355 2135 582 2174; x_wconf 82' lang='lat' dir='ltr'><strong>praeceptum</strong></span> <span class='ocrx_word' id='word_1_290' title='bbox 612 2133 708 2166; x_wconf 78' lang='lat' dir='ltr'><strong>erat,</strong></span> <span class='ocrx_word' id='word_1_291' title='bbox 738 2132 778 2159; x_wconf 92' lang='lat' dir='ltr'><strong>ut</strong></span> <span class='ocrx_word' id='word_1_292' title='bbox 804 2126 978 2170; x_wconf 84' lang='lat' dir='ltr'><strong>peregrini</strong></span> <span class='ocrx_word' id='word_1_293' title='bbox 1018 2126 1149 2158; x_wconf 80' lang='lat' dir='ltr'><strong>maiore</strong></span> <span class='ocrx_word' id='word_1_294' title='bbox 1182 2128 1368 2159; x_wconf 82' lang='lat' dir='ltr'><strong>securitate</strong></span> <span class='ocrx_word' id='word_1_295' title='bbox 1394 2127 1430 2159; x_wconf 87' lang='lat' dir='ltr'><strong>in</strong></span> <span class='ocrx_word' id='word_1_296' title='bbox 1455 2125 1576 2159; x_wconf 85' lang='lat' dir='ltr'><strong>urbem</strong></span> <span class='ocrx_word' id='word_1_297' title='bbox 1605 2137 1671 2170; x_wconf 82' lang='lat' dir='ltr'><strong>pe-</strong></span> 
     </span>
     <span class='ocr_line' id='line_1_33' title="bbox 246 2171 1673 2214; baseline -0.004 -5"><span class='ocrx_word' id='word_1_298' title='bbox 246 2180 437 2210; x_wconf 83' lang='lat' dir='ltr'><strong>netrarent.</strong></span> <span class='ocrx_word' id='word_1_299' title='bbox 485 2174 572 2207; x_wconf 86' lang='lat' dir='ltr'><strong>iussi</strong></span> <span class='ocrx_word' id='word_1_300' title='bbox 606 2179 725 2206; x_wconf 80' lang='lat' dir='ltr'><strong>tamen</strong></span> <span class='ocrx_word' id='word_1_301' title='bbox 750 2178 832 2205; x_wconf 87' lang='lat' dir='ltr'><strong>suut</strong></span> <span class='ocrx_word' id='word_1_302' title='bbox 854 2178 894 2204; x_wconf 91' lang='lat' dir='ltr'><strong>ut</strong></span> <span class='ocrx_word' id='word_1_303' title='bbox 929 2171 989 2203; x_wconf 90' lang='lat' dir='ltr'><strong>ubi</strong></span> <span class='ocrx_word' id='word_1_304' title='bbox 1014 2172 1163 2214; x_wconf 87' lang='lat' dir='ltr'><strong>primum</strong></span> <span class='ocrx_word' id='word_1_305' title='bbox 1189 2172 1274 2204; x_wconf 80' lang='lat' dir='ltr'><strong>tuba</strong></span> <span class='ocrx_word' id='word_1_306' title='bbox 1301 2173 1496 2211; x_wconf 83' lang='lat' dir='ltr'><strong>cecinisset,</strong></span> <span class='ocrx_word' id='word_1_307' title='bbox 1521 2171 1567 2204; x_wconf 79' lang='lat' dir='ltr'><strong>ad</strong></span> <span class='ocrx_word' id='word_1_308' title='bbox 1593 2184 1673 2204; x_wconf 88' lang='lat' dir='ltr'><strong>mu-</strong></span> 
     </span>
     <span class='ocr_line' id='line_1_34' title="bbox 249 2216 1673 2265; baseline -0.004 -10"><span class='ocrx_word' id='word_1_309' title='bbox 249 2235 323 2255; x_wconf 88' lang='lat' dir='ltr'><strong>rum</strong></span> <span class='ocrx_word' id='word_1_310' title='bbox 351 2220 500 2265; x_wconf 78' lang='lat' dir='ltr'><strong>singuli,</strong></span> <span class='ocrx_word' id='word_1_311' title='bbox 538 2225 575 2253; x_wconf 89' lang='lat' dir='ltr'><strong>et</strong></span> <span class='ocrx_word' id='word_1_312' title='bbox 609 2219 655 2251; x_wconf 83' lang='lat' dir='ltr'><strong>ad</strong></span> <span class='ocrx_word' id='word_1_313' title='bbox 677 2230 718 2252; x_wconf 78' lang='lat' dir='ltr'><strong>ea</strong></span> <span class='ocrx_word' id='word_1_314' title='bbox 748 2219 823 2251; x_wconf 84' lang='lat' dir='ltr'><strong>loca</strong></span> <span class='ocrx_word' id='word_1_315' title='bbox 847 2228 938 2262; x_wconf 77' lang='lat' dir='ltr'><strong>quae</strong></span> <span class='ocrx_word' id='word_1_316' title='bbox 963 2216 1189 2250; x_wconf 82' lang='lat' dir='ltr'><strong>defendenda</strong></span> <span class='ocrx_word' id='word_1_317' title='bbox 1221 2219 1478 2263; x_wconf 72' lang='lat' dir='ltr'><strong>suscepissent,</strong></span> <span class='ocrx_word' id='word_1_318' title='bbox 1507 2229 1608 2250; x_wconf 87' lang='lat' dir='ltr'><strong>cursu</strong></span> <span class='ocrx_word' id='word_1_319' title='bbox 1634 2228 1673 2250; x_wconf 84' lang='lat' dir='ltr'><strong>se</strong></span> 
     </span>
     <span class='ocr_line' id='line_1_35' title="bbox 248 2263 1669 2314; baseline -0.004 -12"><span class='ocrx_word' id='word_1_320' title='bbox 248 2269 485 2314; x_wconf 69' lang='lat' dir='ltr'><strong>proriperent,</strong></span> <span class='ocrx_word' id='word_1_321' title='bbox 511 2271 551 2299; x_wconf 91' lang='lat' dir='ltr'><strong>ut</strong></span> <span class='ocrx_word' id='word_1_322' title='bbox 576 2266 781 2310; x_wconf 77' lang='lat' dir='ltr'><strong>peregrinis,</strong></span> <span class='ocrx_word' id='word_1_323' title='bbox 803 2276 890 2309; x_wconf 84' lang='lat' dir='ltr'><strong>quos</strong></span> <span class='ocrx_word' id='word_1_324' title='bbox 905 2263 949 2295; x_wconf 83' lang='lat' dir='ltr'><strong>ab</strong></span> <span class='ocrx_word' id='word_1_325' title='bbox 967 2263 1113 2307; x_wconf 86' lang='lat' dir='ltr'><strong>reliquis</strong></span> <span class='ocrx_word' id='word_1_326' title='bbox 1136 2263 1417 2307; x_wconf 85' lang='lat' dir='ltr'><strong>intercepissent,</strong></span> <span class='ocrx_word' id='word_1_327' title='bbox 1435 2275 1498 2308; x_wconf 87' lang='lat' dir='ltr'><strong>pro</strong></span> <span class='ocrx_word' id='word_1_328' title='bbox 1524 2264 1669 2296; x_wconf 83' lang='lat' dir='ltr'><strong>arbitrio</strong></span> 
     </span>
     <span class='ocr_line' id='line_1_36' title="bbox 249 2309 1673 2358; baseline -0.005 -10"><span class='ocrx_word' id='word_1_329' title='bbox 249 2316 301 2348; x_wconf 88' lang='lat' dir='ltr'><strong>uti</strong></span> <span class='ocrx_word' id='word_1_330' title='bbox 327 2318 482 2358; x_wconf 85' lang='lat' dir='ltr'><strong>possent.</strong></span> <span class='ocrx_word' id='word_1_331' title='bbox 542 2323 661 2345; x_wconf 86' lang='lat' dir='ltr'><strong>verum</strong></span> <span class='ocrx_word' id='word_1_332' title='bbox 697 2311 873 2355; x_wconf 85' lang='lat' dir='ltr'><strong>peregrini</strong></span> <span class='ocrx_word' id='word_1_333' title='bbox 912 2309 975 2342; x_wconf 85' lang='lat' dir='ltr'><strong>nbi</strong></span> <span class='ocrx_word' id='word_1_334' title='bbox 1003 2310 1150 2352; x_wconf 86' lang='lat' dir='ltr'><strong>primum</strong></span> <span class='ocrx_word' id='word_1_335' title='bbox 1179 2311 1479 2353; x_wconf 82' lang='lat' dir='ltr'><strong>oppugnationem</strong></span> <span class='ocrx_word' id='word_1_336' title='bbox 1505 2315 1587 2343; x_wconf 85' lang='lat' dir='ltr'><strong>suut</strong></span> <span class='ocrx_word' id='word_1_337' title='bbox 1607 2321 1673 2341; x_wconf 77' lang='lat' dir='ltr'><strong>au-</strong></span> 
     </span>
     <span class='ocr_line' id='line_1_37' title="bbox 250 2354 1674 2406; baseline -0.004 -12"><span class='ocrx_word' id='word_1_338' title='bbox 250 2361 395 2406; x_wconf 86' lang='lat' dir='ltr'><strong>spicati,</strong></span> <span class='ocrx_word' id='word_1_339' title='bbox 435 2358 558 2392; x_wconf 87' lang='lat' dir='ltr'><strong>urbem</strong></span> <span class='ocrx_word' id='word_1_340' title='bbox 582 2358 723 2390; x_wconf 86' lang='lat' dir='ltr'><strong>nemine</strong></span> <span class='ocrx_word' id='word_1_341' title='bbox 750 2357 932 2389; x_wconf 81' lang='lat' dir='ltr'><strong>resistente</strong></span> <span class='ocrx_word' id='word_1_342' title='bbox 957 2359 997 2387; x_wconf 84' lang='lat' dir='ltr'><strong>et</strong></span> <span class='ocrx_word' id='word_1_343' title='bbox 1020 2354 1231 2398; x_wconf 83' lang='lat' dir='ltr'><strong>prohibente</strong></span> <span class='ocrx_word' id='word_1_344' title='bbox 1265 2356 1409 2399; x_wconf 83' lang='lat' dir='ltr'><strong>ingressi</strong></span> <span class='ocrx_word' id='word_1_345' title='bbox 1437 2361 1532 2388; x_wconf 79' lang='lat' dir='ltr'><strong>sunt.</strong></span> <span class='ocrx_word' id='word_1_346' title='bbox 1581 2355 1674 2388; x_wconf 80' lang='lat' dir='ltr'><strong>Pan-</strong></span> 
     </span>
     <span class='ocr_line' id='line_1_38' title="bbox 249 2402 1673 2449; baseline -0.005 -9"><span class='ocrx_word' id='word_1_347' title='bbox 249 2418 360 2440; x_wconf 86' lang='lat' dir='ltr'><strong>nones</strong></span> <span class='ocrx_word' id='word_1_348' title='bbox 386 2406 492 2445; x_wconf 84' lang='lat' dir='ltr'><strong>enim,</strong></span> <span class='ocrx_word' id='word_1_349' title='bbox 519 2403 814 2449; x_wconf 83' lang='lat' dir='ltr'><strong>quemadmodum</strong></span> <span class='ocrx_word' id='word_1_350' title='bbox 841 2402 965 2434; x_wconf 88' lang='lat' dir='ltr'><strong>moniti</strong></span> <span class='ocrx_word' id='word_1_351' title='bbox 990 2406 1110 2440; x_wconf 72' lang='lat' dir='ltr'><strong>erant,</strong></span> <span class='ocrx_word' id='word_1_352' title='bbox 1135 2406 1410 2435; x_wconf 76' lang='lat' dir='ltr'><strong>retrocesserunt</strong></span> <span class='ocrx_word' id='word_1_353' title='bbox 1431 2407 1468 2435; x_wconf 89' lang='lat' dir='ltr'><strong>et</strong></span> <span class='ocrx_word' id='word_1_354' title='bbox 1491 2413 1528 2435; x_wconf 83' lang='lat' dir='ltr'><strong>se</strong></span> <span class='ocrx_word' id='word_1_355' title='bbox 1552 2402 1673 2435; x_wconf 86' lang='lat' dir='ltr'><strong>occul-</strong></span> 
     </span>
     <span class='ocr_line' id='line_1_39' title="bbox 249 2446 1672 2497; baseline -0.005 -11"><span class='ocrx_word' id='word_1_356' title='bbox 249 2453 386 2488; x_wconf 76' lang='lat' dir='ltr'><strong>tabant,</strong></span> <span class='ocrx_word' id='word_1_357' title='bbox 434 2451 610 2497; x_wconf 85' lang='lat' dir='ltr'><strong>peregrini</strong></span> <span class='ocrx_word' id='word_1_358' title='bbox 636 2455 753 2482; x_wconf 79' lang='lat' dir='ltr'><strong>autem</strong></span> <span class='ocrx_word' id='word_1_359' title='bbox 779 2460 856 2481; x_wconf 90' lang='lat' dir='ltr'><strong>cum</strong></span> <span class='ocrx_word' id='word_1_360' title='bbox 881 2446 1067 2479; x_wconf 83' lang='lat' dir='ltr'><strong>crederent</strong></span> <span class='ocrx_word' id='word_1_361' title='bbox 1090 2448 1272 2480; x_wconf 79' lang='lat' dir='ltr'><strong>pannones</strong></span> <span class='ocrx_word' id='word_1_362' title='bbox 1299 2448 1378 2492; x_wconf 80' lang='lat' dir='ltr'><strong>fuga</strong></span> <span class='ocrx_word' id='word_1_363' title='bbox 1403 2459 1478 2481; x_wconf 84' lang='lat' dir='ltr'><strong>esse</strong></span> <span class='ocrx_word' id='word_1_364' title='bbox 1504 2447 1672 2493; x_wconf 77' lang='lat' dir='ltr'><strong>dilapsos,</strong></span> 
     </span>
     <span class='ocr_line' id='line_1_40' title="bbox 252 2492 1674 2544; baseline -0.005 -12"><span class='ocrx_word' id='word_1_365' title='bbox 252 2501 375 2544; x_wconf 80' lang='lat' dir='ltr'><strong>raptim</strong></span> <span class='ocrx_word' id='word_1_366' title='bbox 401 2499 438 2530; x_wconf 87' lang='lat' dir='ltr'><strong>in</strong></span> <span class='ocrx_word' id='word_1_367' title='bbox 463 2498 585 2530; x_wconf 85' lang='lat' dir='ltr'><strong>urbem</strong></span> <span class='ocrx_word' id='word_1_368' title='bbox 612 2500 857 2540; x_wconf 73' lang='lat' dir='ltr'><strong>procursantes</strong></span> <span class='ocrx_word' id='word_1_369' title='bbox 888 2494 976 2525; x_wconf 80' lang='lat' dir='ltr'><strong>alius</strong></span> <span class='ocrx_word' id='word_1_370' title='bbox 1004 2493 1075 2525; x_wconf 81' lang='lat' dir='ltr'><strong>alio</strong></span> <span class='ocrx_word' id='word_1_371' title='bbox 1108 2492 1153 2524; x_wconf 73' lang='lat' dir='ltr'><strong>ad</strong></span> <span class='ocrx_word' id='word_1_372' title='bbox 1178 2494 1342 2537; x_wconf 78' lang='lat' dir='ltr'><strong>praedam</strong></span> <span class='ocrx_word' id='word_1_373' title='bbox 1370 2494 1674 2527; x_wconf 81' lang='lat' dir='ltr'><strong>convertebantur.</strong></span> 
     </span>
     <span class='ocr_line' id='line_1_41' title="bbox 251 2538 1673 2588; baseline -0.005 -10"><span class='ocrx_word' id='word_1_374' title='bbox 251 2557 328 2578; x_wconf 84' lang='lat' dir='ltr'><strong>cum</strong></span> <span class='ocrx_word' id='word_1_375' title='bbox 354 2550 482 2584; x_wconf 79' lang='lat' dir='ltr'><strong>autem,</strong></span> <span class='ocrx_word' id='word_1_376' title='bbox 510 2541 804 2588; x_wconf 77' lang='lat' dir='ltr'><strong>quemadmodum</strong></span> <span class='ocrx_word' id='word_1_377' title='bbox 828 2544 1051 2578; x_wconf 79' lang='lat' dir='ltr'><strong>convenerat,</strong></span> <span class='ocrx_word' id='word_1_378' title='bbox 1075 2538 1159 2571; x_wconf 75' lang='lat' dir='ltr'><strong>tuba</strong></span> <span class='ocrx_word' id='word_1_379' title='bbox 1184 2541 1372 2580; x_wconf 87' lang='lat' dir='ltr'><strong>sonuisset,</strong></span> <span class='ocrx_word' id='word_1_380' title='bbox 1398 2541 1459 2586; x_wconf 91' lang='lat' dir='ltr'><strong>qui</strong></span> <span class='ocrx_word' id='word_1_381' title='bbox 1475 2540 1571 2584; x_wconf 89' lang='lat' dir='ltr'><strong>prius</strong></span> <span class='ocrx_word' id='word_1_382' title='bbox 1593 2550 1673 2572; x_wconf 85' lang='lat' dir='ltr'><strong>mu-</strong></span> 
     </span>
     <span class='ocr_line' id='line_1_42' title="bbox 253 2585 1676 2628; baseline -0.004 -5"><span class='ocrx_word' id='word_1_383' title='bbox 253 2603 326 2623; x_wconf 89' lang='lat' dir='ltr'><strong>rum</strong></span> <span class='ocrx_word' id='word_1_384' title='bbox 362 2591 611 2628; x_wconf 76' lang='lat' dir='ltr'><strong>defensarant,</strong></span> <span class='ocrx_word' id='word_1_385' title='bbox 651 2588 760 2620; x_wconf 86' lang='lat' dir='ltr'><strong>celeri</strong></span> <span class='ocrx_word' id='word_1_386' title='bbox 794 2598 896 2620; x_wconf 84' lang='lat' dir='ltr'><strong>cursu</strong></span> <span class='ocrx_word' id='word_1_387' title='bbox 935 2597 971 2618; x_wconf 86' lang='lat' dir='ltr'><strong>se</strong></span> <span class='ocrx_word' id='word_1_388' title='bbox 996 2585 1124 2626; x_wconf 78' lang='lat' dir='ltr'><strong>singuli</strong></span> <span class='ocrx_word' id='word_1_389' title='bbox 1156 2585 1202 2617; x_wconf 78' lang='lat' dir='ltr'><strong>ad</strong></span> <span class='ocrx_word' id='word_1_390' title='bbox 1225 2597 1286 2618; x_wconf 87' lang='lat' dir='ltr'><strong>sua</strong></span> <span class='ocrx_word' id='word_1_391' title='bbox 1320 2587 1397 2619; x_wconf 82' lang='lat' dir='ltr'><strong>loca</strong></span> <span class='ocrx_word' id='word_1_392' title='bbox 1420 2586 1614 2626; x_wconf 80' lang='lat' dir='ltr'><strong>contulere,</strong></span> <span class='ocrx_word' id='word_1_393' title='bbox 1638 2589 1676 2617; x_wconf 85' lang='lat' dir='ltr'><strong>et</strong></span> 
     </span>
     <span class='ocr_line' id='line_1_43' title="bbox 251 2630 1676 2683; baseline -0.004 -14"><span class='ocrx_word' id='word_1_394' title='bbox 251 2637 455 2683; x_wconf 83' lang='lat' dir='ltr'><strong>peregrinos</strong></span> <span class='ocrx_word' id='word_1_395' title='bbox 499 2635 719 2668; x_wconf 87' lang='lat' dir='ltr'><strong>incluserunt</strong></span> <span class='ocrx_word' id='word_1_396' title='bbox 741 2634 833 2667; x_wconf 77' lang='lat' dir='ltr'><strong>intra</strong></span> <span class='ocrx_word' id='word_1_397' title='bbox 859 2631 990 2664; x_wconf 83' lang='lat' dir='ltr'><strong>urbem.</strong></span> <span class='ocrx_word' id='word_1_398' title='bbox 1040 2630 1231 2664; x_wconf 74' lang='lat' dir='ltr'><strong>Choniates</strong></span> <span class='ocrx_word' id='word_1_399' title='bbox 1265 2633 1434 2666; x_wconf 83' lang='lat' dir='ltr'><strong>instructa</strong></span> <span class='ocrx_word' id='word_1_400' title='bbox 1459 2632 1534 2664; x_wconf 79' lang='lat' dir='ltr'><strong>acie</strong></span> <span class='ocrx_word' id='word_1_401' title='bbox 1556 2637 1676 2664; x_wconf 78' lang='lat' dir='ltr'><strong>eontra</strong></span> 
     </span>
    </p>
   </div>
   <div class='ocr_carea' id='block_1_3' title="bbox 252 2677 1675 2774">
    <p class='ocr_par' dir='ltr' id='par_1_3' title="bbox 252 2677 1675 2774">
     <span class='ocr_line' id='line_1_44' title="bbox 252 2677 1675 2727; baseline -0.004 -12"><span class='ocrx_word' id='word_1_402' title='bbox 252 2684 456 2727; x_wconf 83' lang='lat' dir='ltr'><strong>peregrinos</strong></span> <span class='ocrx_word' id='word_1_403' title='bbox 482 2681 566 2715; x_wconf 77' lang='lat' dir='ltr'><strong>ibat.</strong></span> <span class='ocrx_word' id='word_1_404' title='bbox 614 2680 650 2714; x_wconf 82' lang='lat' dir='ltr'><strong>hi</strong></span> <span class='ocrx_word' id='word_1_405' title='bbox 675 2679 834 2713; x_wconf 81' lang='lat' dir='ltr'><strong>videntes</strong></span> <span class='ocrx_word' id='word_1_406' title='bbox 859 2679 1038 2711; x_wconf 75' lang='lat' dir='ltr'><strong>pannones</strong></span> <span class='ocrx_word' id='word_1_407' title='bbox 1071 2688 1115 2709; x_wconf 83' lang='lat' dir='ltr'><strong>ex</strong></span> <span class='ocrx_word' id='word_1_408' title='bbox 1146 2688 1225 2710; x_wconf 79' lang='lat' dir='ltr'><strong>arce</strong></span> <span class='ocrx_word' id='word_1_409' title='bbox 1250 2678 1465 2723; x_wconf 84' lang='lat' dir='ltr'><strong>prodeuntes</strong></span> <span class='ocrx_word' id='word_1_410' title='bbox 1491 2677 1675 2710; x_wconf 79' lang='lat' dir='ltr'><strong>adversum</strong></span> 
     </span>
     <span class='ocr_line' id='line_1_45' title="bbox 253 2723 1674 2774; baseline -0.004 -12"><span class='ocrx_word' id='word_1_411' title='bbox 253 2740 289 2762; x_wconf 87' lang='lat' dir='ltr'><strong>se</strong></span> <span class='ocrx_word' id='word_1_412' title='bbox 316 2739 473 2774; x_wconf 82' lang='lat' dir='ltr'><strong>pergere,</strong></span> <span class='ocrx_word' id='word_1_413' title='bbox 495 2728 540 2760; x_wconf 80' lang='lat' dir='ltr'><strong>ad</strong></span> <span class='ocrx_word' id='word_1_414' title='bbox 562 2739 697 2760; x_wconf 87' lang='lat' dir='ltr'><strong>murum</strong></span> <span class='ocrx_word' id='word_1_415' title='bbox 721 2732 815 2760; x_wconf 80' lang='lat' dir='ltr'><strong>retro</strong></span> <span class='ocrx_word' id='word_1_416' title='bbox 839 2723 891 2758; x_wconf 85' lang='lat' dir='ltr'><strong>ire</strong></span> <span class='ocrx_word' id='word_1_417' title='bbox 914 2724 1117 2757; x_wconf 80' lang='lat' dir='ltr'><strong>instituunt.</strong></span> <span class='ocrx_word' id='word_1_418' title='bbox 1135 2724 1342 2759; x_wconf 86' lang='lat' dir='ltr'><strong>cedentibus</strong></span> <span class='ocrx_word' id='word_1_419' title='bbox 1368 2724 1559 2770; x_wconf 83' lang='lat' dir='ltr'><strong>peregrinis</strong></span> <span class='ocrx_word' id='word_1_420' title='bbox 1582 2723 1674 2757; x_wconf 83' lang='lat' dir='ltr'><strong>acri·</strong></span> 
     </span>
    </p>
   </div>
  </div>
 </body>
</html>
