1884 3178
477 200 549 239 DE
589 197 760 239 REBUS
799 196 1055 239 TURClClS
1082 199 1128 238 L.
1159 200 1214 254 ll.
1514 187 1576 233 65

108 313 200 352 γου,
232 293 501 353 τρεψάμενος
531 297 628 346 τούς
657 295 872 345 ἐναντίους
901 297 980 339 σὺν
1009 294 1165 352 ὀλίγοις
1186 303 1273 347 τοῖς
1305 299 1412 354 ἀμφ’
1441 295 1582 339 αὐτόν.

111 366 258 407 τοῦτον
297 366 345 406 δὲ
373 365 441 406 τὸν
471 365 732 417 Σκενδέρεα,
775 362 834 412 ὥς
869 363 1089 418 ἀπήχθετο
1130 367 1183 421 τῇ
1211 362 1371 406 ἑαυτοῦ
1402 366 1700 419 γυναικι’,ν,27

113 431 391 484 συλλαβοῦσα
419 429 551 472 αὐτόν
591 429 672 472 σύν
701 432 758 486 τῷ
798 429 923 471 παιδὶ
949 431 1271 484 διαχρήσασθαι
1300 432 1375 472 καί
1401 429 1476 486 τήν
1502 433 1584 484 βοι-

114 499 278 540 σιλειάν
319 498 531 550 κατέχειν.
601 498 674 537 ε’πί
698 497 847 538 τοῦτον
875 495 925 550 δή
958 494 1216 552 Παιαζήτης
1246 498 1404 546 ἐλάσας
1438 499 1515 551 τήν
1543 512 1585 539 τε

80 561 337 618 5Ἐρτζικάν
366 562 488 604 πόλιν
516 565 752 616 πολιορκῶν
778 561 1070 617 παρεστήσατο
1102 564 1177 604 καί
1205 562 1276 606 τὸν
1302 565 1434 605 παῖδα
1463 566 1587 605 :nsv-

115 631 249 684 δέρεω
278 624 392 682 εἶχεν
433 630 478 670 ἐν
519 630 699 684 φυλακῇ.
730 629 838 681 μετὰ
882 630 929 669 δὲ
968 630 1104 670 ταῦτα
1136 627 1234 678 τούς
1264 644 1309 670 τε
1346 631 1587 680 Τζαπνίδας

115 695 543 749 καταστρεψάμενος,
582 693 625 736 οἳ
650 697 879 748 κατέχουσι
915 692 966 736 τά
998 698 1073 749 τῆς
1107 697 1320 748 Κολχίδος
1349 697 1422 736 ἐπί
1440 691 1586 748 ”Αμα-

68 788 71 791 ·
115 777 235 816 στριν
261 761 384 803 πόλιν
412 758 672 816 καθήκοντα,
702 755 884 815 ἤλαυνεν
915 760 986 802 ἐπὶ
1021 762 1328 816 Καραιλούκήν
1357 760 1429 803 τὸν
1462 762 1586 803 Λεύ-

117 844 254 881 καμνα
295 826 518 882 Σαμαχίης
560 824 772 882 ἡγεμόνα,
801 826 874 868 καί
915 829 1198 878 ἐπεξελθόντα
1241 828 1322 869 σὺν
1351 829 1403 885 τῇ
1430 826 1625 871 ἑαυτοῦΒ

61 902 104 937 10
118 896 297 951 στρατιᾷ
323 892 438 950 μάχῃ
471 892 688 948 ἐκράτησε,
719 892 792 934 καί
817 890 1054 946 ἐπολιόρκει
1084 896 1310 948 Σαμαχίήν
1339 896 1479 936 πόλιν.
1516 897 1590 936 καί

117 959 175 1009 ὥς
203 962 329 1002 ου’δὲν
359 958 596 1016 προεχώρει
627 959 650 1014 ἢ
682 961 755 1014 τῆς
773 960 932 1008 πόλεως
961 961 1137 1014 αἵρεσις,
1165 959 1444 1016 ἀπεχώρησεν
1473 961 1588 1002 dna-

117 1027 257 1082 γαγών
296 1026 370 1068 τόν
409 1025 619 1080 στρατόν,
660 1028 733 1067 καί
769 1027 1048 1080 ἑπανέστησεν
1089 1028 1154 1068 ἐπ’
1196 1025 1328 1068 οἴκου.
1403 1025 1508 1080 μετά
1542 1029 1588 1068 δὲ

117 1095 253 1135 ταῦτα
285 1092 474 1135 ἐλαύνων
514 1094 586 1134 ἑπί
627 1092 726 1140 τούς
755 1093 801 1133 ἐν
830 1094 880 1148 τῇ
914 1092 1038 1150 Ἀσίᾳ
1067 1092 1241 1142 λοιποὺς
1270 1091 1489 1149 ἡγεμόνας,
1517 1094 1589 1136 τόν

118 1175 165 1202 τε
197 1161 380 1215 Αἶδι’νην
427 1159 652 1215 Σαρχάνην
692 1159 942 1201 ΙΙῚενὸεσίαν
979 1157 1134 1214 Τεκόην
1171 1161 1247 1201 καί
1275 1161 1478 1216 Μετίνην,
1513 1162 1589 1216 τήν

65 1234 108 1268 15
121 1241 163 1268 τε
194 1225 334 1280 α’ρχήν
373 1227 517 1268 αὕταῖν
547 1226 768 1282 ἀφείλετο,
808 1225 882 1266 καί
912 1223 1103 1276 ἐκβαλών
1153 1224 1312 1275 αὐτούς
1341 1225 1416 1281 τήν
1439 1224 1589 1282 χώραν

120 1293 200 1348 ὑφ’
238 1292 355 1350 αὐτῷ
395 1291 674 1348 ποιησάμενος
717 1288 839 1344 εἶχεν.
900 1286 1020 1332 οὗτοι
1053 1293 1100 1332 δὲ
1138 1291 1196 1340 ὥς
1225 1290 1486 1347 άπελήλαντο
1517 1296 1590 1348 τῆς

121 1361 244 1415 σφῶν
273 1358 444 1413 χώρας,
481 1359 691 1414 ἀνέβησαν
737 1356 852 1412 παρά
881 1359 1062 1410 βασιλέα
1097 1358 1292 1414 Τεμήρήν
1338 1362 1379 1408 ἐς
1407 1359 1589 1402 Σούσαν.

120 1423 178 1474 ὥς
204 1428 284 1478 μὲν
313 1420 387 1467 οὖν
416 1422 646 1478 ἀναβάντες
677 1418 796 1465 οὗτοι
817 1425 859 1471 ἐς
884 1420 984 1476 ὄψιν
1014 1419 1144 1479 ἦλθον
1164 1427 1223 1481 τῷ
1245 1429 1426 1481 βασιλεῖ’,
1460 1424 1589 1468 τῖ’στε-

123 1491 198 1545 ρόν
225 1507 297 1545 μοι
337 1490 586 1546 δεδήλωται.
651 1491 757 1546 πλήν
797 1489 878 1546 γάρ
911 1491 1179 1545 Καραμάνου
1217 1495 1293 1533 τοῦ
1317 1492 1630 1547 Ἀλοσουριόυῦ

63 1560 294 1612 ΞὶΟὲπίκλην
333 1556 407 1599 καί
447 1557 723 1611 Τουργούτεω
762 1559 837 1598 τοῦ
879 1560 949 1612 τῆς
977 1558 1169 1611 Φρυγίας
1207 1553 1426 1613 ἄρχοντος,
1456 1559 1594 1601 οἳκαί

123 1626 352 1678 ἐπιγαμίας
382 1624 496 1681 αὐτῷ
522 1621 796 1678 ποιησάμενοι
816 1623 982 1678 εἰρήνην
1003 1618 1115 1678 ἦγον,
1147 1622 1186 1665 οἱ
1215 1624 1356 1666 λοιποί
1383 1628 1467 1667 τῶν
1496 1625 1592 1680 ἦγε-

122 1690 264 1745 μόνων
293 1691 562 1746 ἐστερημένοι
594 1693 668 1745 τῆς
698 1692 836 1746 α’ρχῆς
867 1692 1078 1746 α’νὲβήσαν
1119 1691 1163 1740 ἐς
1191 1692 1507 1747 Σαμαρχάνὸην
1536 1691 1588 1735 τά

218 1808 252 1843 9.
277 1805 476 1856 Σαμαχιήλ
498 1809 523 1843 P
644 1809 699 1841 11.
730 1806 973 1854 ἀνεχώρησεν
999 1808 1029 1841 11

123 1905 249 1950 itaque
277 1913 357 1935 cum
383 1901 565 1947 quondam
589 1901 635 1934 ab
662 1901 812 1945 Assyriis
841 1900 939 1933 bello
967 1901 1213 1941 lacesseretur,
1239 1901 1455 1946 plerumque
1487 1912 1592 1947 prae-

124 1951 220 1984 clara
255 1950 418 1983 militaris
443 1950 584 1982 virtutis
620 1949 779 1982 facinora
805 1949 1049 1994 perpetravit,
1080 1947 1277 1993 ho‘stesque
1307 1960 1451 1994 semper
1477 1960 1590 1994 pauca

125 2009 230 2031 manu
258 1996 363 2030 fudit.
414 1995 510 2030 hunc
543 1996 760 2029 Scenderem
793 2007 873 2028 cum
900 1996 976 2028 filio
1006 2007 1115 2036 uxor,
1140 2007 1247 2041 quam
1275 1995 1361 2028 odio
1388 2007 1590 2042 proseque-

125 2045 244 2086 batur,
269 2043 564 2088 comprehensum
591 2044 788 2082 interemit,
817 2043 968 2088 ipsaque
995 2043 1040 2075 ad
1067 2044 1162 2087 regni
1192 2042 1435 2088 gubernacula
1465 2045 1588 2077 evasit.

125 2097 249 2126 contra
275 2091 491 2125 Scenderem
515 2092 626 2136 igitur
659 2091 831 2123 Paiazites
857 2102 951 2123 arma
984 2101 1130 2123 movens
1158 2091 1332 2123 Ertzicam
1358 2092 1590 2135 expugnavit,

125 2141 310 2185 filiumque
330 2137 518 2172 Scenderis
546 2139 702 2171 vinctum
731 2138 767 2170 in
798 2137 997 2170 custodiam
1018 2137 1128 2171 dedit.
1179 2144 1306 2182 postea
1334 2149 1411 2170 cum
1429 2140 1590 2183 Tzapni-

125 2188 188 2220 das
212 2186 421 2226 domuisset,
447 2186 509 2231 qui
535 2185 718 2218 Colchidis
740 2185 817 2218 loca
845 2195 960 2230 usque
997 2184 1043 2217 ad
1069 2185 1267 2218 Amastrum
1295 2184 1421 2218 urbem
1451 2191 1590 2225 tenent,

124 2235 262 2268 bellum
303 2239 427 2266 contra
454 2233 675 2266 Carailucem
713 2238 749 2266 et
778 2233 1034 2272 Leucamnam,
1063 2232 1271 2265 Samaehiae
1297 2232 1436 2272 ducem,
1461 2234 1590 2273 vertit3

125 2293 231 2327 quem
258 2280 398 2314 obviam
429 2280 683 2324 procedentem
712 2291 791 2312 cum
817 2274 976 2313 e'xercitu
1004 2280 1141 2324 praelio
1169 2281 1266 2320 vicit,
1294 2280 1590 2325 Samachiamque

127 2329 252 2361 urbem
277 2338 486 2373 oppugnare
513 2328 644 2373 coepit.
700 2327 796 2360 urbis
825 2333 944 2360 autem
973 2327 1077 2360 istius
1107 2328 1331 2372 oppugnatio
1362 2338 1441 2358 cum
1466 2339 1590 2372 parum

127 2375 347 2415 succederet,
376 2374 541 2408 abductis
569 2375 681 2419 copiis
708 2375 852 2407 domum
880 2385 1040 2407 reversus
1068 2379 1132 2407 est.
1184 2375 1269 2407 hinc
1293 2374 1431 2406 bellum
1459 2374 1594 2408 indixit

127 2422 277 2468 reliquis
302 2423 365 2468 qui
391 2422 429 2455 in
455 2422 536 2455 Asia
561 2427 663 2455 erant
688 2421 858 2463 ducibus,
883 2421 1013 2455 Aedini
1040 2422 1211 2455 Sarchani
1240 2421 1450 2454 Mendesiae
1478 2421 1592 2455 Tecoi

127 2475 165 2503 et
189 2470 332 2509 Metini,
357 2469 580 2515 imperioque
607 2480 667 2502 eos
694 2469 846 2514 expulit,
881 2470 1186 2514 expulsorumque
1213 2480 1359 2512 regnum
1387 2470 1590 2514 occupavit.

127 2517 164 2549 hi
190 2527 270 2550 cum
297 2516 418 2550 forent
450 2518 522 2550 suis
557 2516 704 2550 sedibus
728 2517 839 2562 pulsi,
863 2516 932 2549 iter
958 2517 1197 2549 instituerunt
1221 2517 1347 2549 Susam
1365 2539 1374 2555 ‚
1403 2515 1447 2561 {d
1472 2528 1590 2561 regem

126 2564 320 2598 TemIrem.
390 2569 429 2597 ut
466 2569 598 2604 autem,
626 2569 767 2609 praeter
792 2564 1026 2597 Car-amanum
1053 2563 1267 2607 cognomine
1304 2563 1526 2604 Alosu'rium‚
1556 2570 1593 2597 et

126 2612 325 2656 Turgetum
353 2610 522 2655 Phrygiae
554 2610 693 2651 ducem,
730 2611 897 2645 venerint
920 2612 958 2644 in
984 2616 1219 2655 conspectum
1243 2610 1348 2654 regis,
1373 2610 1466 2643 infra
1492 2611 1590 2644 dice-

129 2664 198 2692 tur.
250 2658 286 2691 hi
313 2669 468 2704 namque
493 2657 699 2692 affinitatem
728 2659 916 2702 iungentes
946 2670 1025 2690 cum
1058 2658 1225 2699 Paiazite,
1253 2668 1376 2702 pacem
1406 2659 1591 2692 consecuti

130 2711 225 2739 sunt.
278 2706 431 2750 reliqui,
461 2707 618 2750 exceptis
648 2705 724 2738 istis
749 2705 916 2745 duobus,
941 2705 1050 2738 duces
1077 2705 1195 2748 reguis
1223 2706 1294 2737 suis
1321 2709 1435 2738 exacti
1464 2718 1591 2739 ascen-

130 2752 262 2787 derunt
290 2751 587 2786 sumai-chaudum
606 2777 615 2793 ,
656 2764 747 2798 quae.
777 2754 930 2788 Temiris
955 2753 1049 2797 regia
1086 2752 1218 2785 extitit.
1270 2752 1500 2793 Sawhanem,
1528 2755 1591 2799 qui

211 2826 546 2872 clmlcocondylas.
1310 2827 1329 2857 5
