1832 3216
480 197 552 236 DE
590 197 765 247 REBUS
801 194 1058 237 TURClClS
1082 197 1128 235 L.
1157 197 1231 235 111.
1507 188 1598 234 167

135 297 340 353 ἐκράτησε
371 296 444 337 καί
470 292 780 349 Σεμαρχάνδην
803 292 1112 349 παρεστήσατο.
1173 292 1224 334 οὕ
1255 291 1360 333 πολὺ
1394 292 1440 334 δὲ
1475 289 1602 333 ὕστε-

136 380 209 418 ρον
240 364 325 405 ταῖν
353 361 471 404 ἐννέα
500 364 675 414 βασιλεῖ’
695 361 910 418 συμμάχῳ
939 358 1228 415 χρησάμενος,
1256 356 1330 400 καί
1358 360 1402 400 ἐν
1428 358 1484 414 τῷ
1519 361 1602 399 Τα-

130 431 260 487 βρέζῃ
297 428 416 469 πόλει
461 428 679 479 εὐδαίμονι
708 426 950 480 Ἀσσυρίων
987 425 1038 467 τοὶ
1076 425 1274 478 βασίλεια
1304 421 1602 480 ποιησάμενος,

131 494 243 552 πρὸς
261 510 307 536 τε
337 493 408 536 τὸν
436 494 684 545 Λευκαρίας
726 494 920 543 πολεμῶν
963 491 1139 534 διετέλει
1168 493 1242 532 καί
1271 492 1498 545 Σαμαχίην
1526 489 1602 530 πό-

97 566 198 604 5λιν
223 558 487 614 ἐπολιόρκει,
522 557 574 600 τοὶ
614 560 692 601 τοῦ
721 558 1034 612 Καραουλίκεω
1061 559 1270 611 βασίλεια.
1333 558 1527 611 Ταβρέζη
1556 558 1640 601 δὲΒ

133 628 252 676 πόλις
291 623 399 670 εἶναι
441 623 602 680 μεγάλη
630 640 674 667 τε
703 625 776 666 καί
803 623 1045 678 εὐδαίμων,
1083 624 1156 665 καί
1192 626 1276 665 τῶν
1315 625 1359 665 ἐν
1401 625 1453 679 τῇ
1477 624 1602 681 Ἀσίᾳ

132 691 238 747 μετά
281 709 328 748 γε
358 691 665 745 Σεμαρχάνδην
710 689 937 746 χρημάτων
975 706 1018 733 τε
1058 687 1253 747 προσόδῳ
1294 690 1367 732 καί
1403 693 1456 748 τῇ
1499 685 1602 747 ἄλλῃ

134 761 380 816 εὐδαιμονίᾳ
411 760 678 813 προέχουσα·
737 755 871 812 σῆράς
889 772 931 799 τε
955 756 1103 812 τρέφει
1135 753 1158 811 ἧ
1188 758 1311 811 χώρα
1341 754 1447 812 αὕτη
1474 758 1604 808 μέτα·

134 826 210 878 ξάν
234 841 278 868 τε
308 823 532 878 καλλίστην
563 823 805 878 ποιουμένη,
835 823 910 865 καί
941 822 1016 878 τὴν
1048 822 1272 878 Σαμαχίης
1302 822 1478 876 α’μείνω.
1527 825 1604 878 φέ-

78 904 197 947 lopen
228 894 275 934 δὲ
299 893 374 937 καί
396 891 581 945 κριμίζιν
625 889 760 945 σηράν
805 887 915 931 οὕτω
946 887 1203 942 καλούμενον
1232 887 1473 945 πορφυρᾶν,
1507 892 1605 942 περί

133 957 182 1002 τά
214 956 362 1011 ἱμάτια
395 956 448 998 τά
477 971 522 997 τε
562 952 644 997 ἀπὸ
686 958 812 1009 ἐρίων
842 957 917 998 καί
944 958 1098 1010 σηρῶν,
1130 955 1276 1012 βαφήν
1307 955 1604 1008 ἐνδεικνύμενα

133 1024 255 1075 ἀξίαν
283 1021 422 1077 λόγου.
451 1020 542 1064 ἔστι
571 1023 618 1064 δὲ
651 1025 755 1064 πλέα
788 1022 840 1064 τὰ
870 1020 915 1064 ἐν
943 1023 1044 1079 τῇδε
1073 1025 1123 1079 τῇ
1150 1022 1274 1080 χώρᾳ
1305 1024 1490 1075 Περσῶν
1517 1023 1601 1064 ταῖν

132 1089 371 1143 ’Λτζαμίων
398 1092 693 1141 καλουμένων·
762 1086 855 1132 ὅσοι
891 1087 973 1144 γάρ
1014 1091 1058 1138 ἐς
1093 1089 1169 1144 τήν
1193 1088 1430 1141 Ἀτζαμίων
1460 1087 1606 1144 φωνὴν

135 1158 362 1212 προΐενται,
389 1157 564 1210 Πέρσαι
591 1171 634 1198 τε
665 1150 779 1198 οὗτοι
805 1155 1043 1208 σύμπαντες
1085 1156 1160 1197 καί
1186 1158 1237 1212 τῇ
1267 1157 1454 1210 Περσῶν
1483 1157 1606 1212 φωνῇ

80 1233 123 1268 15
136 1224 411 1277 διαλέγονται.
468 1224 636 1266 οἰκοῦσί
658 1238 704 1264 τε
738 1225 933 1277 Ταβρέζη
962 1237 1007 1263 τε
1044 1223 1118 1264 καί
1154 1219 1343 1276 Καγινὸν
1370 1221 1445 1263 καί
1477 1225 1604 1275 Νιγε-

137 1288 258 1344 τίην,
288 1289 428 1338 πόλεις
464 1290 724 1341 εὐδαίμονας
761 1291 846 1330 τοῖν
875 1285 1044 1344 ΙΠὴδων
1081 1289 1156 1329 κατ’
1182 1288 1418 1342 Ἀσσυρίων
1443 1287 1646 1342 χώρας.(;

137 1355 336 1410 Σαμαχίη
365 1356 412 1397 δὲ
444 1355 549 1409 πρὸς
583 1356 631 1410 τῇ
655 1353 890 1409 Ἀρμενίων
917 1352 1042 1410 χώρᾳ
1080 1354 1282 1411 ᾠκημένη,
1311 1354 1431 1403 πόλις
1461 1355 1607 1396 εὐδαί-

135 1437 229 1474 μων
254 1436 299 1464 τε
329 1422 404 1463 καί
437 1419 783 1475 πολυάνθρωπος.
851 1419 934 1461 α’πὸ
966 1422 1012 1462 δὲ
1051 1423 1124 1475 τῆς
1161 1419 1373 1475 θυγατρὸς
1409 1419 1606 1476 Τζοκίεω,

137 1486 459 1543 Καραϊσοιὶφεω
505 1489 551 1528 δὲ
581 1488 812 1542 γυναικός,
855 1488 1019 1541 ἐγένετο
1053 1488 1262 1538 Τζανισᾶς
1300 1493 1402 1537 παῖς
1429 1489 1606 1541 Καραϊ-

77 1563 125 1600 20
137 1551 323 1610 σοόφεω,
357 1554 539 1604 Τζοκίεω
568 1554 615 1595 δὲ
645 1551 859 1608 α’πόγονος.
919 1547 1042 1603 οὗτος
1068 1568 1114 1595 τε
1134 1554 1388 1608 Παγδατίης
1417 1554 1489 1607 τῆς
1516 1557 1605 1595 Βα-

134 1621 322 1673 βυλῶνος
349 1621 524 1675 ἐπῆρξε,
556 1622 629 1660 καί
651 1615 896 1674 Ἀσσυρίων
924 1617 999 1672 τὴν
1025 1616 1175 1672 χώραν
1203 1619 1603 1672 καταστρεψάμενος

141 1687 335 1740 Ταβρέζη
366 1701 410 1728 τε
449 1683 588 1743 ἑαυτῷ
627 1683 865 1740 ὑπηγάγετο
910 1687 985 1726 καί
1022 1684 1129 1740 πρὸς
1167 1685 1239 1727 τὸν
1268 1686 1606 1739 Μπαϊμπούρεω

136 1752 271 1794 παῖδα
303 1753 556 1804 διεπολέμει.
633 1753 841 1801 ἐπελάσας
881 1753 928 1793 δὲ
956 1752 1058 1806 πρὸς
1079 1750 1342 1806 Ἀτζιγγάνιν
1368 1750 1606 1806 ἐπολιόρκει

234 1867 289 1905 10.
315 1869 378 1905 ἐπὶ
396 1869 429 1903 Τ

139 1964 302 2004 Tabreze
326 1966 548 2010 Assyriorum
573 1966 660 2000 urbe
687 1966 862 2011 opulenta
887 1967 1095 2008 constituta,
1120 1966 1220 1999 bello
1247 1965 1450 1999 lacessebat
1468 1967 1604 2001 Leuca-

140 2013 212 2046 riae
241 2013 390 2055 ducem3
432 2014 542 2047 etiam
578 2013 801 2047 Samachiam
827 2013 975 2055 urbem,
1002 2014 1201 2048 Carailucis
1231 2014 1384 2057 regiam,
1410 2024 1605 2059 oppugna-

137 2059 212 2094 bnt.
260 2059 421 2094 'rabi-eze
448 2067 567 2095 autem
594 2061 707 2094 fertur
734 2061 818 2094 urbs
843 2072 921 2094 esse
945 2073 1072 2106 magna
1110 2067 1147 2095 et
1172 2061 1304 2106 opibus
1324 2060 1602 2094 florentissima:

138 2108 245 2141 etiam
270 2118 394 2140 omnes
421 2108 526 2141 Asiae
551 2108 669 2148 urbes,
696 2114 797 2141 extra
827 2109 1151 2150 Semarchandam,
1178 2120 1289 2153 opum
1314 2119 1459 2141 accessu
1484 2114 1520 2142 et
1546 2118 1604 2140 re-

137 2155 239 2201 liqua
266 2154 441 2188 felicitate
468 2156 684 2190 antecedere
702 2156 875 2189 noscitur.
925 2157 1138 2204 vermiculos
1163 2156 1229 2189 alit
1255 2167 1295 2188 ea
1326 2156 1422 2199 regio
1453 2167 1496 2189 ex
1521 2155 1605 2200 qui-

136 2201 205 2236 bus
233 2202 384 2235 sericum
413 2202 626 2247 producitur
658 2203 958 2248 pulcherrimum,
984 2204 1081 2249 quod
1107 2204 1213 2247 longe
1240 2208 1399 2248 praestat
1426 2203 1459 2235 ei
1488 2203 1603 2235 serico

137 2249 238 2295 quod
264 2248 450 2282 Samachia
477 2250 699 2296 suppeditat.
750 2251 821 2284 fert
847 2262 994 2296 quoque
1021 2251 1177 2284 Criuizin
1204 2251 1273 2283 isto
1302 2250 1449 2283 nomine
1474 2251 1605 2283 vermi-

138 2297 280 2336 culum,
305 2297 366 2342 qui
394 2309 615 2342 purpureum
646 2298 805 2331 colorem
835 2298 1075 2332 admiratione
1117 2299 1264 2341 dignum
1291 2298 1419 2330 tribuit
1442 2297 1605 2331 vestibus

139 2354 184 2377 ex
209 2343 278 2377 filis
304 2354 324 2376 e
364 2345 477 2378 serico
517 2346 709 2380 contextis.
774 2345 944 2379 Abundat
967 2351 1087 2379 autem
1116 2347 1211 2389 regio
1240 2346 1352 2378 Persis
1380 2355 1470 2390 quos
1496 2345 1606 2377 Atza-

138 2391 230 2423 mios
261 2397 401 2425 vocant.
461 2399 644 2438 quotquot
675 2393 770 2426 enim
794 2393 1037 2426 Atzamiorum
1066 2394 1247 2426 Persarum
1290 2393 1414 2435 lingua
1442 2396 1606 2431 utuntur,

139 2448 262 2471 omnes
289 2436 327 2470 hi
352 2439 478 2472 Persae
505 2447 590 2474 sunt
617 2447 654 2474 el,
681 2441 864 2473 Persarum
888 2441 1050 2484 linguam
1070 2441 1107 2473 in
1138 2451 1202 2472 usu
1232 2439 1381 2472 habeut.
1435 2439 1606 2471 incolunt

139 2484 327 2518 Tabrezen
365 2485 554 2530 Cagrinum
591 2493 628 2522 et
654 2488 860 2532 Nigetiam‚
886 2488 992 2521 urbes
1021 2488 1227 2533 opulentas,
1253 2487 1290 2519 in
1317 2486 1539 2528 Assyriorum
1567 2491 1605 2518 et

139 2531 328 2566 Medorum
365 2534 511 2578 regione
536 2535 633 2568 sitas.
684 2534 872 2568 samachia
897 2540 1017 2568 autem
1033 2560 1042 2575 ,
1066 2534 1166 2567 cuius
1193 2535 1280 2567 situs
1309 2538 1363 2566 est
1387 2544 1507 2566 versus
1538 2535 1603 2566 Ar-

140 2579 312 2620 menium,
341 2580 425 2613 urbs
447 2580 661 2626 perhibetur
687 2582 862 2628 opulenta
883 2587 920 2616 et
945 2582 1133 2627 populosa.
1159 2593 1202 2613 ex
1228 2581 1302 2613 filia
1327 2579 1484 2620 Tzokfis,
1512 2591 1604 2626 quae

140 2627 371 2660 matrimonio
396 2627 520 2661 iuncta
546 2628 618 2664 fuit
637 2628 888 2675 Charaisuphi‚
912 2635 1018 2662 natus
1046 2633 1100 2662 est
1125 2629 1296 2662 Tzanisas
1320 2626 1466 2660 Tzokiis
1491 2639 1603 2672 nepos

141 2679 179 2708 et
204 2673 436 2719 Caraisuphis
464 2675 570 2708 filius.
635 2677 666 2709 is
699 2676 904 2721 Pagdatiam
931 2676 1152 2719 Babylonem
1182 2675 1290 2715 rexit,
1319 2679 1355 2707 et
1382 2675 1603 2718 Assyriorum

142 2720 323 2765 regionem
357 2722 435 2754 iure
466 2721 555 2755 belli
586 2722 772 2768 possidens
796 2724 982 2758 Tabrezen
1021 2733 1086 2755 suo
1118 2722 1271 2767 imperio
1301 2720 1457 2756 addidit.
1508 2734 1603 2755 arma

142 2767 237 2802 idem
266 2768 463 2814 Paimpuris
499 2769 574 2803 filio
612 2771 749 2805 intulit.
805 2771 988 2816 profectus
1031 2775 1155 2803 contra
1182 2770 1423 2813 Artzinganim
1466 2770 1603 2810 urben»,
