1884 3178
454 190 528 230 DE
570 189 741 230 REBUS
779 186 1036 238 TURCIClS
1075 189 1124 229 L.
1151 187 1206 226 11.
1517 179 1578 223 73

114 287 333 345 ἀρχόντων
358 286 409 330 τοὶ
440 290 585 341 πρῶτα
604 323 615 342 ,
646 286 687 333 ἐς
715 285 788 342 τὴν
816 286 1038 340 βασιλείαν
1067 285 1288 340 ἀνήκοντα,
1318 281 1391 325 καὶ
1419 282 1619 324 olnam-13

113 371 194 410 μον
221 357 268 397 δὲ
298 349 412 407 ὄντα,
442 354 515 396 καί
537 356 645 410 μηδὲ
676 349 861 409 ἄρχοντα
881 351 1154 405 ὀνομάζουσι.
1212 352 1336 408 φωνῇ
1364 351 1411 391 δὲ
1438 351 1582 403 χρῶν-

113 420 385 478 ται,οὕδαμῇ
425 419 699 478 παραπλησίᾳ
742 416 872 474 ἑτέρῳ
915 419 1002 459 τινί
1038 420 1120 459 τῶν
1158 419 1304 470 γενῶν,
1334 415 1439 458 ἀλλὰ
1474 411 1579 472 ἄλλῃ

111 488 158 532 τὸ
197 486 403 542 παράπαν
441 485 708 542 διενεγκούσῃ
746 500 792 526 τε
828 486 904 538 τῆς
948 484 1181 537 Γερμανῶν
1215 497 1259 524 τε
1295 481 1368 523 καί
1402 484 1581 534 Βοέμων

79 555 186 600 ὅκαί
213 554 436 596 Πολάνων.
509 551 664 594 οἴονται
693 553 739 593 δὲ
769 566 882 599 τινες
923 547 1101 598 τούτους
1130 547 1167 590 οἱ
1195 549 1274 601 μὲν
1303 549 1440 596 Γέτας
1468 551 1582 601 γενέ·

110 623 219 664 σθαι
245 618 290 661 τὸ
323 618 518 674 παλαιόν,
552 619 624 659 καί
650 617 733 659 ὑπὸ
770 615 842 658 τὸν
861 611 1005 668 Αἷμον
1036 616 1268 667 οἰκοῦντας,
1299 611 1380 655 ὖπὸ
1402 616 1582 656 Σκυθῶν

110 687 424 740 κακουμένους,
465 685 744 739 ἀναχωρῆσαι
790 681 831 732 ἐς
861 682 984 737 τήνδε
1014 679 1089 736 τήν
1127 680 1278 736 χῶραν
1319 679 1369 735 ἣν
1405 679 1480 721 καί
1506 682 1582 721 νῦν

110 753 320 795 οἰκοῦσιν·
389 751 428 793 οἱ
475 751 523 793 δέ
553 767 661 806 φασι
691 749 836 800 Δάκας
875 749 1088 803 γενέσθαι.
1156 746 1236 801 ἐγώ
1275 748 1321 789 δὲ
1352 745 1497 788 ὁποῖον
1527 742 1580 787 ἄν

108 835 148 862 τι
176 815 241 874 εἴη
269 816 315 860 τὸ
346 820 465 872 γένος
498 820 623 860 τοῦτο
640 815 715 872 την
744 815 896 871 ἀρχήν,
924 814 1001 856 οὐκ
1031 811 1085 856 ἂν
1116 813 1273 872 ῥᾳδίως
1302 814 1432 855 εἰπεῖν
1461 810 1577 866 ἔχοι-

54 893 184 937 1ομι·
254 878 442 936 τοῦνομα
485 885 628 937 μέντοι
668 885 795 926 τοῦτο
841 882 922 924 ὖπό
951 897 995 924 τε
1035 883 1159 937 σφῶν
1201 882 1343 922 αὐτῶν
1381 882 1455 921 καί
1491 877 1620 921 onoc

105 952 275 995 Ἰταλῶν
313 952 628 1004 καλουμένους,
670 950 724 990 ου’
764 951 873 990 πάνυ
898 965 938 990 τι
983 949 1120 997 καλῶς
1150 945 1292 1001 ἔχοιμι
1333 942 1463 1003 ἑτέρῳ
1496 944 1579 986 un*

106 1014 281 1071 ὀνόματι
310 1020 452 1058 καλεῖν
481 1017 672 1065 τούτους.
749 1015 837 1058 ἔστι
866 1017 912 1058 δὲ
945 1015 1090 1064 αὐτοῖς
1116 1014 1316 1068 βασίλεια
1346 1011 1392 1055 ἐν
1420 1011 1575 1069 Πούδῃ

105 1083 226 1125 πόλει
257 1082 478 1136 εὐδαίμονι
509 1080 626 1137 παρὰ
665 1080 738 1124 τὸν
759 1078 932 1136 Ἴστρον.

217 1150 524 1203 Σιγισμοῦνδον
554 1149 602 1190 δὲ
628 1146 701 1190 τὸν
722 1151 899 1203 Βιέννης
922 1148 997 1203 τῆς
1027 1148 1260 1203 Γερμανῶν
1289 1146 1450 1195 πόλεως
1478 1145 1574 1200 ἦγε-

50 1224 94 1260 15
105 1214 215 1269 μόνα
245 1213 494 1269 ἐπαγόμενοι
525 1208 641 1257 οὗτοι
671 1214 723 1269 δι)
755 1212 794 1257 οἱ
815 1216 1003 1264 Παίονες
1032 1215 1211 1268 βασιλέα
1239 1228 1284 1254 τε
1313 1215 1462 1269 σφίσιν
1491 1212 1572 1253 αὖ·

105 1286 191 1330 τοῖς
218 1282 503 1335 καθίστασαν,
551 1281 624 1323 καί
662 1279 714 1323 τὰ
751 1279 855 1323 κατὰ
901 1279 978 1335 τὴν
1022 1279 1163 1334 ἀρχὴν
1190 1277 1428 1334 ἐπέτρεψαν
1461 1280 1575 1336 αὐτῷ

105 1349 317 1390 διαθεῖναι
346 1347 404 1396 ὥς
433 1346 524 1402 ἔχοι
554 1347 626 1390 ἐπὶ
651 1347 697 1390 τὸ
731 1349 1060 1404 ἀσφαλέστερον.
1119 1341 1240 1395 οὗτος
1268 1348 1348 1399 μὲν
1378 1341 1454 1388 οἶν
1481 1344 1579 1401 ἐπεί

103 1428 150 1456 τε
175 1413 252 1469 τήν
285 1413 491 1456 Παιόνων
520 1417 734 1469 παρέλαβε
752 1417 989 1469 βασιλείαν,
1019 1413 1335 1469 διεπρεσβεύετο
1365 1411 1468 1468 πρὸς
1497 1411 1572 1454 τὸν

97 1478 320 1533 Ῥωμαίων
361 1482 567 1536 α’ρχιερέα
587 1516 598 1535 ,
627 1479 792 1535 συνήθη
818 1497 863 1523 τε
893 1476 994 1522 ὄντα
1024 1482 1137 1538 αὐτῷ’
1161 1479 1234 1521 καί
1263 1478 1498 1534 ἐπιτήδειον
1528 1478 1571 1528 ἐς

44 1555 91 1591 20
103 1543 155 1587 τὰ
184 1544 383 1601 μάλιστα,
410 1544 514 1589 ῶστε
531 1546 876 1602 ἐπιψηφισθῆναι
897 1547 1012 1604 αὐτῷ
1041 1545 1321 1601 αὐτοκράτορι
1344 1547 1570 1597 Ῥωμαίων

101 1614 311 1667 γενέσθαι.
388 1615 511 1655 τοῦτο
538 1615 618 1667 μὲν
657 1612 694 1655 οἱ
734 1615 806 1668 τῆς
830 1614 993 1669 Ῥώμης
1036 1613 1251 1668 ἀρχιερεῖς
1278 1619 1363 1661 τοῖς
1396 1614 1616 1662 Κελτῶνῑ)

100 1681 322 1732 βασιλεῦσι
349 1678 394 1722 τὸ
428 1682 594 1736 πρῶτον
624 1678 875 1723 ἐπεδίδοσαν
905 1679 976 1722 διὰ
1005 1679 1106 1730 τοὺς
1134 1680 1358 1733 πολέμους,
1389 1677 1463 1728 οὓς
1493 1684 1573 1721 θα·-

200 1802 255 1837 10.
284 1802 362 1838 α’πό
392 1804 417 1838 Ρ
514 1804 568 1838 15.
594 1805 835 1853 ἐπαγόμενον
858 1797 960 1840 οὗτοι
986 1804 1025 1840 δὲ
1051 1806 1075 1838 Ρ
1174 1803 1228 1838 16.
1252 1801 1297 1838 τὰ
1322 1814 1377 1836 om
1396 1804 1420 1837 P
1514 1804 1571 1838 22.

196 1852 401 1898 πολεμίους
427 1851 476 1886 P:
504 1863 584 1886 corr
609 1852 641 1885 H

106 1964 168 1988 sua
196 1958 302 1997 gente
332 1953 511 1999 quendam
539 1955 584 1988 de
608 1967 758 1989 numero
790 1955 1005 2001 principum,
1034 1955 1096 2002 qui
1123 1956 1343 2001 reliquorum
1371 1955 1506 2000 primus
1535 1955 1573 1988 in

107 2001 240 2046 regiam
265 2001 491 2045 ascenderit3
519 2013 675 2048 eumque
704 2014 940 2036 oeconomum
969 2004 1042 2036 sive
1070 2009 1339 2048 procuratorem
1365 2008 1428 2035 aut
1456 2002 1572 2034 admi-

106 2049 359 2089 nistratorem,
398 2060 465 2082 nec
489 2051 710 2095 principem,
739 2051 938 2083 nominant.
996 2051 1119 2094 lingua
1147 2056 1300 2083 utuntur
1328 2051 1429 2095 quasi
1461 2062 1571 2094 pecu-

109 2095 212 2137 liari,
254 2107 347 2141 quae
387 2096 481 2129 nihil
509 2097 714 2130 commercii
753 2109 830 2130 cum
855 2098 978 2140 lingua
1005 2099 1264 2130 Germanorum
1294 2104 1330 2130 et
1361 2099 1572 2130 Boemorum

110 2143 418 2188 Pomanorumque
458 2144 591 2177 habere
617 2144 914 2189 deprehenditur.
975 2145 1121 2190 quidam
1147 2144 1293 2178 tradunt
1319 2156 1387 2178 eos—
1407 2145 1571 2189 antiqui-

107 2195 165 2223 tus
199 2189 310 2223 Getas
335 2191 518 2233 extitisse,
545 2191 722 2237 sedesque
751 2191 939 2232 habuisse,
976 2203 1064 2237 quas
1105 2192 1329 2229 insederint,
1358 2191 1422 2224 sub
1449 2197 1572 2224 monte

107 2237 270 2278 Haemo,
295 2237 513 2284 tandemque
555 2239 680 2284 pulsos
720 2250 739 2271 a
766 2239 906 2282 Scythis
944 2240 1160 2272 concessisse
1204 2241 1242 2273 in
1277 2251 1352 2272 eam
1391 2240 1571 2282 regionem

46 2308 51 2316 .
108 2294 215 2329 quam
244 2296 339 2317 nunc
356 2291 494 2319 tenent.
546 2286 691 2332 quidam
716 2292 848 2331 putant
875 2298 934 2319 eos
971 2287 1153 2332 quondam
1186 2288 1300 2319 Dacos
1330 2287 1451 2319 fuisse.
1504 2297 1569 2328 ego

107 2336 250 2372 autem,
277 2342 456 2376 quaenam
503 2334 662 2377 ipsorum
694 2335 795 2378 origo
827 2335 891 2373 sit,
917 2334 1035 2367 dicere
1076 2346 1150 2367 non
1176 2346 1331 2379 possum.
1381 2338 1571 2378 praeterea

108 2389 187 2411 cum
217 2378 284 2412 sibi
314 2378 482 2413 dederint
509 2380 606 2414 istud
631 2392 763 2414 nomen
791 2387 830 2414 ut
859 2383 1046 2415 pannones
1073 2388 1256 2421 vocentur,
1287 2383 1410 2426 sicque
1439 2381 1570 2424 appel-

108 2425 230 2458 lentur
256 2425 302 2458 ab
330 2427 442 2467 Italis,
463 2439 536 2461 non
571 2427 739 2461 decorum
772 2428 847 2461 fore
877 2434 972 2461 ratus
999 2440 1087 2468 sum,
1111 2430 1139 2462 si
1167 2428 1267 2461 aliud
1294 2430 1335 2461 iis
1364 2430 1570 2472 imposuero

108 2483 253 2506 nomen.
304 2475 398 2518 regia
428 2485 550 2507 eorum
575 2481 630 2508 est
656 2475 767 2516 Buda,
794 2475 878 2509 urbs
904 2476 1170 2516 florentissima,
1197 2478 1286 2509 Istro
1315 2475 1494 2507 adiacens.

203 2519 470 2564 Sigismundum
498 2528 617 2555 autem
646 2523 904 2557 Germanorum
935 2523 1187 2568 imperatorem
1212 2528 1378 2565 agentem
1407 2523 1569 2555 Viennae

108 2572 278 2599 vocantes
309 2568 520 2610 Pannones,
559 2569 832 2604 declaraverunt
863 2582 998 2615 regem,
1034 2571 1140 2615 eique
1166 2569 1394 2602 tradiderunt
1422 2580 1568 2613 regnum

109 2614 327 2654 universum,
352 2621 388 2648 et
411 2627 503 2661 quae
531 2616 575 2649 ad
603 2617 702 2661 regni
730 2629 848 2650 curam
874 2619 1068 2663 pertinent,
1092 2623 1131 2650 ut
1158 2618 1277 2649 onmia
1308 2617 1358 2649 sic
1383 2617 1570 2650 ordinaret

109 2661 409 2705 quemadmodum
435 2668 579 2708 putaret
604 2675 645 2697 ea
673 2664 748 2698 fore
774 2665 1070 2699 commodissima.
1099 2664 1158 2696 hic
1187 2669 1226 2697 ut
1254 2664 1406 2710 primum
1434 2664 1567 2708 regium

109 2707 282 2741 honorem
307 2709 415 2750 iniit,
450 2711 586 2755 legatos
621 2712 720 2745 misit
746 2713 790 2745 ad
821 2715 1017 2746 Romanum
1048 2712 1266 2756 pontificem,
1294 2713 1361 2744 iam
1389 2717 1472 2744 ante
1499 2711 1566 2744 sibi

107 2756 318 2789 familiarem
361 2763 396 2790 et
433 2758 696 2793 necessitudine
728 2759 952 2802 devinctum,
993 2770 1118 2803 rogans
1147 2765 1186 2792 ut
1219 2771 1320 2792 suum
1353 2770 1567 2792 consensum
