1858 3210
468 181 539 220 DE
565 180 740 220 REBUS
779 177 1032 220 TURCICiS
1072 179 1248 219 L.V111.
1486 170 1584 220 413

121 281 196 322 καί
222 280 547 320 πολλαπλασίων
584 279 806 332 γιγνομένη
839 276 946 330 αύτή
993 275 1146 330 ἑαυτῆς
1180 278 1318 318 ου’κέτι
1350 274 1587 330 κατασχεῖν)
1607 284 1649 318 V.
1665 282 1729 318 171

119 347 316 400 γίγνεται.
375 343 433 392 ὥς
463 344 508 385 δὲ
537 343 595 397 μή
627 342 771 397 ἀγαθοί
793 359 804 370 ·
862 342 967 398 φίλα
996 341 1103 396 γάρ,
1137 345 1204 398 ἐφ’
1239 338 1262 383 ὅ
1281 359 1318 385 τι
1349 338 1402 384 ἂν
1428 346 1593 398 τρέποι-

119 410 170 454 ‘ro‘
198 427 262 460 τις
289 407 543 465 κινούμενος,
570 411 692 451 τοῦτο
733 409 790 457 ὡς
818 407 868 450 τά
899 407 1032 450 πολλὰ
1066 404 1212 458 αὔξειν
1246 412 1319 451 καί
1346 411 1454 463 μέγα
1486 411 1595 451 ‹ino-

123 478 405 528 δείκνυσθαι,
445 478 487 517 τί
521 472 573 516 ἂν
613 476 863 530 ἐπιτηδεῦον
903 471 1138 528 τυγχάνει.”
1197 477 1334 516 ταῦτα
1363 474 1492 518 εἰπών
1523 477 1596 517 καί

89 542 428 595 ὃδεξιωσοίμενος
458 540 556 591 τούς
586 539 792 595 ἡγεμόνας
823 539 1057 594 α’πήλαυνε.

240 610 332 652 Kal
359 607 524 657 τούτοις
566 611 644 661 μὲν
695 607 751 655 ὥς
789 608 1029 649 τούναντίον
1074 608 1251 661 κατέστη
1282 603 1476 648 ἅπαντα·
1535 608 1595 655 εἰς

120 676 201 732 γὰρ
230 675 276 718 τὸ
320 673 575 728 θεραπεύειν
620 675 897 727 τετραμμένοι
942 670 1145 727 ἑκάτεροι,
1185 672 1286 725 πρὸς
1316 673 1523 727 ἀλλήλους
1553 689 1597 714 τε

119 740 262 799 γνώμῃ
307 739 360 782 τὰ
403 743 589 796 σφέτερα
629 739 772 780 αὐτῶν
803 741 1118 792 διενεχθέντες,
1161 741 1369 793 ε’ριζοντες
1402 739 1596 793 ἀλλήλοις

122 805 357 862 ἐτύγχανον
385 806 584 860 ὁπότερος
614 802 666 847 ἄν
694 804 879 858 μάλιστα
910 801 960 845 εὖ
991 807 1121 846 ποιῶν
1141 804 1351 860 φαίνοιτο,
1379 803 1488 846 ὥστε
1522 807 1635 845 δο-Β

67 882 111 917 10
123 881 208 918 κεῖν
237 872 392 922 αύτούς
420 874 692 927 χαρίζεσθαι.
729 875 804 912 καί
820 887 925 919 τινες
954 874 1038 912 τῶν
1069 873 1168 925 παρ’
1197 872 1342 921 αὐτοῖς
1371 870 1421 913 τὰ
1450 874 1596 925 πρῶτα

123 943 384 998 φερομένων,
418 937 649 993 ἐναγόντων
678 954 722 980 τε
752 938 823 980 καί
853 940 924 980 ἐπί
951 940 1215 990 ξυνωμοσίαν
1243 942 1595 992 προκαλουμένων

121 1007 222 1058 τούς
250 1004 415 1058 ἄλλους,
443 1004 550 1049 ὥστε
579 1003 835 1061 ὅμοῳρονεῖν
867 1001 976 1046 οὕτω
1003 1003 1182 1047 κωλύειν
1209 1007 1460 1047 διενοοῦντο.
1519 1005 1595 1046 αύ-

121 1077 190 1118 τοί
215 1089 260 1117 τε
288 1075 413 1130 σφίσι
443 1073 846 1124 κακοδαιμονοῦντες
876 1074 1103 1125 ἐπέτρεπον
1149 1069 1201 1112 τά
1233 1072 1463 1126 πράγματα
1495 1074 1594 1127 σφί-

122 1157 192 1184 σιν
221 1139 364 1189 αύτοῖς
403 1140 682 1194 φθείρεσθαι.
742 1137 965 1192 Λουκὰνης
997 1153 1040 1178 τε
1080 1136 1101 1178 ὅ
1134 1137 1491 1192 Πελοποννήσιος,
1524 1139 1603 1179 καί

68 1216 112 1251 15
125 1223 242 1256 τινας
273 1209 355 1249 τῶν
382 1208 622 1257 Βυζαντίου
653 1203 924 1259 ἐπαγόμενος,
954 1207 1131 1247 συνίστα
1165 1221 1207 1247 τε
1238 1205 1336 1254 τούς
1367 1210 1596 1248 Πελοπον-

125 1277 297 1328 νησίους
337 1287 382 1313 τε
415 1269 508 1324 ἅμα
547 1273 621 1312 καί
664 1268 893 1323 Ἀλβανούς
934 1272 1002 1326 ἐφ’
1033 1264 1066 1330 ᾧ
1112 1271 1236 1326 σφίσι
1266 1287 1310 1313 τε
1350 1273 1491 1320 αὐτοῖς
1538 1265 1597 1312 ὧν

124 1337 216 1393 ἔχει
244 1338 521 1392 ἐπιτηδείους,
547 1338 685 1385 καλῶς
722 1335 1036 1382 πολιτεύεσθαι.
1094 1339 1169 1378 καί
1196 1334 1392 1391 ὥρμηντο
1423 1338 1500 1388 μὲν
1529 1333 1600 1378 ἐπὶ

119 1401 295 1458 Ἀσάνη,
323 1408 432 1458 μέγα
476 1402 710 1455 δυνάμενόν
747 1418 791 1444 τε
827 1400 871 1444 ἐν
902 1403 1215 1460 Πελοποννήσῳ
1263 1404 1337 1445 καί
1379 1403 1640 1456 Κόρινθονῦ

128 1473 202 1514 καί
222 1476 379 1526 μοῖραν
424 1470 498 1511 οὐκ
526 1467 754 1524 ἐλαχίστην
792 1471 865 1523 τῆς
899 1470 1225 1523 Πελοποννήσου
1257 1468 1599 1523 ἐπιτροπεύοντα.

69 1537 202 1580 2οκαἰ
230 1536 280 1578 οὖ
309 1538 505 1590 προσίετο
548 1537 628 1588 μὲν
659 1530 808 1588 οὗτος,
849 1535 947 1576 ου’δὲ
978 1539 1231 1589 συγχωρῶν.
1290 1534 1396 1577 ἔνθα
1428 1534 1477 1589 δή
1506 1531 1602 1577 οὕτε

223 1653 257 1688 2.
289 1654 419 1700 ‹pti-et?
446 1678 451 1684 .
544 1654 578 1686 4.
606 1650 628 1686 ὅ
654 1665 689 1687 τι
716 1651 765 1688 ἂν
789 1652 1018 1696 ἐπιτηδεύων
1051 1653 1256 1699 τυγχάνοιῗ
1375 1653 1408 1688 6.
1436 1655 1487 1691 εἰς
1514 1652 1602 1687 τοιῗ-

222 1704 378 1781 '‘atilio'‘
404 1701 584 1749 μετέστηῗ
704 1700 736 1734 8.
764 1697 808 1734 u}
851 1703 1017 1747 σᾳὲτερα
1057 1700 1180 1736 αὐτῶν
1219 1705 1303 1747 post
1332 1701 1500 1747 ἑκάτεροι
1535 1711 1603 1746 po-

222 1760 295 1782 nen
324 1760 396 1781 um.

133 1866 255 1890 eorum
282 1866 376 1901 quae
406 1856 444 1889 in
479 1855 637 1889 medium
661 1855 796 1888 adduxi
836 1856 991 1889 eveniet.
1054 1856 1091 1888 in
1116 1855 1239 1900 primis
1265 1867 1410 1900 operam
1441 1856 1524 1889 date
1556 1868 1601 1889 ne

133 1903 271 1936 subditi
297 1910 416 1937 vestro
443 1903 594 1948 imperio
613 1904 785 1936 conviciis
813 1915 874 1936 vos
894 1903 1137 1947 proscindant,
1164 1903 1247 1935 dum
1272 1904 1344 1936 alta
1363 1903 1521 1936 fruimini
1539 1915 1602 1949 pa·

133 1962 195 1984 ce:
225 1961 345 1983 verum
373 1951 569 1995 impensius
595 1951 893 1984 contumeliarum
919 1957 954 1983 et
974 1950 1184 1982 iniuriarum
1216 1956 1381 1983 auctores
1409 1951 1537 1996 punire
1556 1962 1602 1984 ne

134 1998 367 2031 cessaveritis.
417 1998 503 2030 mali
543 1998 638 2030 enim
677 1998 895 2043 principium
914 2022 923 2038 ‚
949 1998 1110 2042 quamvis
1137 1997 1331 2042 pessimum
1358 1998 1415 2038 sit,
1442 2004 1602 2031 attamen

135 2045 309 2078 continuo
338 2043 383 2076 ad
407 2055 554 2088 magnas
590 2045 755 2089 procedit
782 2045 1038 2087 contumelias3
1073 2056 1165 2089 quae
1211 2044 1274 2077 ubi
1301 2052 1426 2078 auctae
1452 2046 1601 2087 fuerint,

135 2103 174 2126 se
200 2092 295 2137 ipsas
328 2091 426 2124 haud
457 2093 609 2136 amplius
642 2093 817 2125 sustinere
856 2097 1018 2136 possunt.
1070 2092 1192 2137 itaque
1222 2104 1269 2125 ne
1299 2094 1379 2137 quis
1405 2093 1442 2125 id
1466 2093 1601 2126 bonum

135 2139 326 2172 censuerit.
390 2139 484 2172 solet
519 2140 615 2172 enim
651 2138 687 2171 id
713 2139 814 2172 cuius
843 2140 923 2184 quis
960 2150 1081 2171 auiore
1111 2140 1275 2183 rapitur,
1302 2151 1415 2186 usque
1442 2151 1600 2173 crescere

136 2192 174 2220 et
197 2187 418 2220 incrementa
445 2197 598 2226 sumere,
625 2186 799 2231 quicquid
829 2191 948 2219 tamen
983 2187 1158 2230 ingruai.'’
1210 2186 1300 2220 haec
1326 2189 1468 2221 locutus
1494 2188 1602 2221 Pelo-

136 2234 290 2279 ponnesi
318 2233 472 2266 ducibus
499 2233 680 2267 dexteram
706 2234 883 2279 porrigit;
921 2245 993 2279 quo
1019 2234 1115 2267 sacto
1146 2233 1246 2267 abiit.

233 2291 422 2324 Caeterum
462 2292 569 2335 longe
604 2292 675 2323 alia
707 2303 814 2337 quam
851 2291 910 2324 hic
940 2297 1194 2337 praeceperat,
1219 2292 1333 2324 secuti
1361 2296 1445 2324 sunt
1471 2290 1600 2324 studia.

137 2348 219 2371 nam
246 2338 331 2371 dum
358 2344 510 2384 uterque
535 2338 582 2371 ad
618 2351 700 2372 suos
736 2338 907 2372 colendos
937 2345 974 2372 et
998 2338 1185 2372 beneflciis
1224 2338 1483 2372 devinciendos
1509 2344 1602 2372 esset

104 2411 107 2413 .
137 2389 304 2430 pronior,
340 2397 454 2430 usque
487 2385 686 2419 discordias
726 2387 820 2419 inter
869 2398 946 2419 sese
982 2386 1171 2424 foverunt,
1208 2387 1291 2418 dum
1328 2392 1483 2431 uterque
1517 2397 1601 2419 suos

137 2433 271 2466 maiore
298 2432 523 2477 induigentia
561 2433 694 2466 habere
730 2437 924 2472 niteretur,
951 2446 1022 2478 quo
1058 2445 1118 2466 eos
1144 2433 1214 2466 sibi
1243 2434 1352 2477 magis
1378 2433 1467 2465 fidos
1494 2445 1602 2478 para-

139 2485 205 2512 ret.
257 2480 380 2525 itaque
405 2481 474 2513 toti
500 2480 546 2513 ad
564 2481 832 2524 gratificandum
858 2481 1136 2525 propendebant
1162 2481 1282 2513 duces.
1333 2481 1476 2525 quidam
1504 2481 1601 2525 apud

138 2526 205 2560 hos
234 2527 299 2559 viri
325 2527 484 2570 primarii
521 2529 678 2573 reliquos
715 2528 760 2560 ad
798 2528 1015 2561 seditionem
1052 2534 1088 2561 et
1126 2528 1414 2560 coniurationem
1456 2528 1602 2573 instiga-

138 2573 250 2615 bant3
278 2573 376 2618 quod
418 2574 564 2618 quidem
602 2575 685 2608 ideo
713 2575 845 2616 flebat,
882 2581 922 2608 ut
955 2575 1135 2608 discordia
1166 2576 1367 2607 exoriretur
1395 2581 1430 2608 et
1455 2575 1603 2608 illorum

138 2621 365 2654 concordiam
392 2621 613 2655 inhiberent.
678 2623 822 2655 interim
851 2622 959 2655 duces
990 2622 1065 2662 his,
1095 2624 1194 2667 quasi
1222 2623 1317 2654 malo
1344 2621 1520 2655 daemone
1545 2623 1603 2656 in-

139 2669 253 2708 citati,
278 2679 332 2700 res
358 2679 439 2700 suas
467 2670 583 2702 miseri
613 2669 889 2714 corrumpendas
914 2670 1132 2702 commisere·
1185 2671 1343 2702 Lucanes
1373 2671 1601 2715 Peloponne-

139 2716 256 2748 siacus
292 2714 475 2748 adducens
517 2716 691 2761 quosdam
731 2716 942 2759 Byzantios,
988 2717 1144 2749 Albanos
1186 2722 1223 2750 et
1250 2717 1531 2762 Peloponnesios
1556 2717 1603 2750 ad

141 2762 444 2809 conspirationem
481 2763 650 2808 impulit,
676 2768 715 2796 ut
739 2775 804 2808 pro
833 2775 898 2797 suo
924 2763 1096 2804 arbitrio,
1126 2775 1200 2797 non
1225 2763 1367 2806 ducum,
1394 2777 1446 2799 res
1476 2764 1604 2811 publi-
