1774 3204
263 186 360 236 478
590 193 805 235 LAONici
845 193 1350 237 CHALCOCONDYLAE

263 292 484 346 ταμερίου,
515 291 800 346 ἐδυστύχησεν
847 290 899 331 ού
936 294 1073 348 πολλῷ
1114 289 1288 347 ὕστερον
1314 295 1388 335 καί
1413 291 1593 347 ἀπέβαλε
1618 294 1691 350 τῆν

223 358 411 410 Βοῖρχήν.
465 354 666 407 βασιλευς
707 358 784 407 μὲν
820 356 870 410 δὴ
902 353 981 396 ἀπὸ
1015 356 1216 411 Κορώνης
1243 359 1285 406 ἐς
1310 359 1459 399 Πύλον
1490 358 1692 414 α’φικόμε-

259 435 327 470 νος
354 421 540 462 ἐνταῦθα
575 419 979 474 ἐστρατοπεδεύετο,
1024 417 1128 476 ᾗπερ
1167 423 1239 463 καί
1275 419 1299 461 ὅ
1343 423 1500 475 Θωμᾶς
1531 419 1612 465 οὖν
1638 426 1691 480 τῇ

257 488 347 539 νηί·
403 486 445 533 ἐς
470 483 521 538 ἢν
549 483 680 537 ἐμβὰς
705 486 775 526 καί
819 485 1069 538 α’ναγόμενος
1095 485 1339 538 ἐκαραδόκει
1365 481 1406 540 ᾗ
1418 485 1603 541 χωρήσει
1635 490 1688 530 τά

258 548 579 603 Πελοποννήσου
616 547 852 603 πράγματα.
908 548 1037 606 τούτῳ
1074 553 1152 601 μὲν
1187 552 1454 593 ἑπιπλέουσαι
1491 550 1584 605 νῆες
1610 555 1723 599 τῶνε)

261 612 471 654 Ούενετῶν
515 613 794 667 προηγόρευον
834 617 1030 656 ἐντεῦθεν
1063 614 1414 670 ἀπαλλάττεσθαι,
1441 617 1550 669 μηδὲ
1574 618 1693 658 ἐναν-

256 678 344 719 τιόν
370 680 575 731 βασιλέως
611 675 778 731 ἀνέχειν
806 680 875 720 ἐπὶ
901 682 974 720 τοῦ
991 682 1196 733 σφετέρου
1225 679 1402 731 λιμένος.
1457 676 1583 730 οὗτος
1603 685 1693 734 μέν,

257 742 314 790 ὥς
340 741 541 795 βασιλεύς
568 741 944 795 ἐστρατοπεδεύετο
962 776 972 796 ,
1003 744 1278 797 ἀπηλλάττετο
1307 740 1556 798 ἀναγόμενος
1581 747 1625 794 ἐς
1648 744 1692 787 τὸ

223 811 225 813 ’
258 810 457 860 πέλαγος·
487 806 525 848 οἱ
555 808 601 848 δὲ
633 808 842 848 Ουἐνετῶν
873 811 1065 860 πρέσβεις
1092 807 1341 864 ἀφικόμενοι
1369 811 1553 851 ἐνταῦθα
1579 808 1692 864 παρὰ

257 873 433 924 βασιλέα
460 871 536 921 τοῖς
564 886 610 913 τε
658 872 840 920 σπονδάς
884 874 1110 926 ἐπεκύρουν
1147 875 1266 928 σφίσι
1295 875 1368 916 καί
1391 872 1464 928 τήν
1488 873 1625 925 ξενίαν
1649 890 1691 917 τε
1704 883 1747 918 10

122 946 163 980 v.
182 946 247 979 198
260 938 331 976 καί
371 931 539 976 εὔνοιαν
579 938 857 978 ἐνεδείκνυντο
899 939 1075 989 βασιλεῖ’.
1141 937 1180 979 οἱ
1219 940 1298 990 μὲν
1334 933 1411 979 οὖν
1439 937 1693 992 ἱπποδρόμοι

220 996 369 1051 Οὸμως
400 1002 444 1047 ἐς
470 1000 547 1053 τὴν
572 999 720 1041 Πύλον
749 1000 1049 1054 ἐπιδραμόντες
1067 1000 1184 1050 τινὰς
1214 1003 1291 1043 ούκ
1317 1003 1483 1056 ὀλίγους
1506 1004 1691 1044 ἐνταῦθα

257 1065 341 1106 τῶν
364 1063 490 1120 ταύτῃ
514 1065 725 1117 Ἀλβανῶν
753 1066 834 1106 τῶν
859 1066 1077 1120 περιοίκων
1102 1064 1264 1115 ἑλόντες
1291 1068 1544 1122 διέφθειρον.
1593 1067 1692 1110 ἑλοί-

259 1143 406 1178 σαντος
432 1130 480 1171 δὲ
507 1130 618 1185 ἵππῳ
645 1131 720 1170 τοῦ
750 1131 958 1182 βασιλέως
987 1133 1058 1172 ἑπί
1077 1130 1289 1186 Μεθώνην
1316 1129 1389 1172 καὶ
1413 1133 1692 1184 θεασαμένου,

257 1195 364 1242 τινὲς
388 1194 470 1236 τῶν
511 1194 585 1247 τῆς
613 1192 771 1242 πόλεως
797 1196 1024 1247 ἐπεξῆλθον
1063 1195 1121 1243 ὥς
1149 1196 1220 1236 ἑπί
1254 1196 1464 1251 σπονδαῖς,
1492 1195 1566 1238 καί
1587 1211 1693 1245 τινες
1707 1205 1749 1238 15

258 1260 396 1300 αὐτῶν
440 1258 730 1314 διεφθάρησαν
765 1258 846 1299 ὑπὸ
886 1260 966 1300 τῶν
1008 1262 1226 1311 βασιλέως.
1292 1260 1492 1311 βασιλεῦς
1527 1261 1574 1302 δὲ
1615 1259 1696 1301 α’πὸ

258 1323 411 1366 Πύλου
439 1323 802 1374 συσκευασάμενος
830 1321 902 1365 τόν
931 1325 1074 1374 μέντοι
1097 1324 1302 1378 Ἑλλήνων
1327 1323 1507 1378 ἡγεμόνα
1533 1322 1696 1366 ἐκέλευε

259 1386 332 1442 τήν
356 1385 583 1440 μεσόγαιον
608 1385 820 1440 ὑπάγοντα
854 1387 962 1428 εὐθὺ
991 1390 1198 1436 Βοιωτίας
1225 1388 1437 1442 ἐλαύνειν,
1465 1388 1523 1438 ὥς
1550 1388 1699 1443 πρότε-

259 1453 336 1507 ρόν
359 1467 433 1505 μοι
463 1450 693 1506 δεδήλωται
713 1468 723 1479 ·
793 1451 923 1500 αύτὸς
951 1454 996 1494 δὲ
1039 1453 1110 1494 ἐπὶ
1133 1449 1331 1506 Ἀχαΐδος
1359 1451 1597 1508 γενόμενος,
1625 1455 1699 1495 καί

259 1518 311 1559 τά
343 1517 472 1574 ταύτῃ
498 1517 638 1572 χωριά
666 1517 921 1572 παραλαβών
950 1519 1226 1572 παραδόντων
1251 1521 1334 1560 τῶν
1363 1514 1589 1574 ἀρχόντων,
1617 1525 1751 1559 ποι-20

216 1584 450 1639 Ὀρεγὲνετο
477 1581 521 1631 ἐς
547 1583 750 1636 Ἀχαΐαν,
780 1582 987 1637 περιάγων
1022 1584 1093 1624 καί
1120 1581 1271 1637 Ἀσάνη
1297 1581 1367 1625 τόν
1394 1585 1470 1625 τοῦ
1499 1580 1697 1637 ἡγεμόνος

261 1647 457 1702 γυναικὸς
497 1647 694 1703 α’δελφόν.
757 1648 942 1690 ἐνταῦθα
981 1649 1028 1690 δὲ
1056 1647 1328 1703 ἀφικόμενος,
1357 1646 1412 1697 ὥς
1435 1646 1614 1690 ἐπύθετο
1642 1645 1692 1690 τοὶ

265 1835 379 1869 officio
403 1834 546 1868 excidit.
596 1845 655 1867 rex
680 1835 815 1866 interea
831 1834 967 1866 Corona
993 1833 1114 1867 relicta
1138 1833 1319 1879 profectus
1343 1838 1397 1866 est
1419 1833 1551 1876 Pylum,
1578 1838 1614 1867 et
1640 1833 1691 1866 ibi

264 1886 376 1914 castra
402 1881 573 1925 ponebat.
619 1879 740 1912 aderat
766 1880 898 1913 ibidem
924 1885 959 1913 et
985 1880 1141 1913 Thomas
1170 1891 1246 1912 cum
1269 1880 1367 1921 navi3
1394 1887 1497 1924 quam
1522 1889 1692 1912 conscen-

265 1927 353 1960 dens
381 1926 552 1966 solvebat,
575 1931 822 1970 expectaturus
854 1937 1006 1970 quonam
1034 1937 1087 1959 res
1112 1925 1343 1970 Peloponnesi
1371 1930 1487 1958 essent
1511 1935 1689 1958 evasurae.

264 1973 335 2006 huc
359 1984 438 2006 cum
462 1972 684 2017 appulissent
709 1983 814 2005 naves
841 1972 1056 2004 Venetorum
1073 1997 1082 2012 ‚
1109 1971 1294 2005 edixerunt
1319 1977 1358 2004 ut
1384 1971 1468 2004 hinc
1492 1971 1691 2011 decederet,

263 2020 389 2053 necin
417 2020 574 2064 ipsorum
614 2023 718 2062 portu
757 2019 919 2050 resistere
953 2019 1022 2062 regi
1058 2018 1270 2050 institueret.
1331 2017 1406 2050 illic
1437 2017 1603 2062 quidem,
1629 2017 1689 2050 ubi

263 2069 546 2099 castrametatum
570 2074 645 2097 esse
669 2064 827 2097 audierat
845 2075 972 2106 regem,
1000 2063 1136 2104 abibat,
1157 2063 1377 2096 committens
1399 2063 1525 2107 pelago
1551 2074 1690 2098 navem.

262 2113 480 2146 Venetorum
503 2114 622 2143 autem
646 2110 754 2152 legati
785 2110 991 2142 accedentes
1016 2110 1084 2142 huc
1111 2109 1155 2141 ad
1183 2119 1298 2153 regem
1322 2108 1463 2142 foedera
1489 2109 1579 2142 inita
1602 2119 1690 2142 con-

263 2159 458 2196 firmarunt,
489 2160 526 2190 et
547 2156 823 2200 hospitalitatem
848 2155 1205 2200 benevolentiamque
1230 2155 1413 2187 maximam
1439 2154 1511 2198 regi
1541 2153 1691 2188 exhibe-

264 2205 362 2238 bant.
408 2202 645 2238 nibilominus
669 2206 786 2235 tamen
812 2203 898 2244 regii
926 2203 1063 2246 equites
1089 2201 1323 2233 incursionem
1351 2201 1387 2233 in
1407 2199 1529 2245 Pylum
1554 2199 1692 2234 facien-

265 2256 319 2284 tes
345 2249 440 2283 haud
477 2258 609 2294 paucos
643 2248 814 2287 Albanos,
851 2248 911 2291 qui
954 2248 990 2279 in
1026 2258 1067 2280 ea
1096 2247 1236 2290 regione
1262 2245 1425 2290 agebant,
1449 2257 1488 2279 ce
1517 2251 1631 2287 erunt,
1655 2251 1692 2280 et

266 2296 432 2329 finitimos
456 2298 683 2328 necaverunt.
731 2293 909 2338 equitatus
934 2293 1023 2336 regis
1064 2292 1193 2325 deinde
1218 2292 1387 2337 pergebat
1411 2291 1468 2326 Me
1512 2302 1628 2334 onam,
1651 2297 1693 2326 ut

266 2341 404 2376 videret
428 2342 572 2387 quinam
595 2339 681 2372 urbe
706 2344 824 2372 essent
847 2340 988 2382 egressi,
1016 2343 1056 2371 ut
1079 2349 1115 2371 se
1142 2337 1311 2371 dederent
1335 2338 1417 2381 regi.
1464 2349 1585 2372 verum
1610 2339 1692 2384 qui-

267 2388 348 2421 ‹lam
374 2387 419 2421 ab
446 2386 629 2432 equitibus
665 2386 838 2430 perempti
873 2391 966 2418 sunt.
1025 2395 1082 2417 rex
1106 2384 1264 2417 collectis
1292 2384 1454 2417 omnibus
1482 2384 1564 2427 Pylo
1587 2383 1692 2418 dece-

269 2435 371 2474 dens,
397 2434 611 2467 Graecorum
634 2431 827 2476 principem
858 2430 1071 2464 Demetrium
1109 2435 1202 2463 recta
1237 2431 1273 2462 in
1299 2430 1478 2463 Boeotiam
1501 2430 1692 2475 procedere

269 2481 385 2521 iussit,
412 2480 503 2513 utin
520 2478 695 2511 dicionem
720 2476 892 2521 redigeret
905 2476 1209 2516 mediterraneam,
1234 2486 1324 2521 quae
1343 2476 1393 2509 ibi
1411 2480 1474 2516 est,
1500 2476 1692 2520 regionem,

271 2527 376 2560 sicuti
402 2536 506 2571 supra
530 2524 724 2557 docuimus.
773 2524 848 2568 ipse
888 2534 970 2556 vero
1008 2533 1085 2554 cum
1112 2522 1272 2555 haereret
1301 2523 1338 2555 in
1361 2522 1512 2556 Achaiae
1536 2523 1692 2565 regione,

272 2573 349 2606 loca
367 2583 458 2627 quae
483 2571 535 2604 ibi
554 2575 654 2604 erant
669 2571 706 2603 in
731 2570 906 2603 dicionem
923 2569 1109 2614 accipiens,
1134 2568 1347 2602 dedentibus
1371 2578 1446 2602 sese
1461 2566 1692 2614 principibus,

267 2619 417 2651 venitm
432 2617 609 2658 Achaiam,
632 2616 766 2650 vehens
783 2626 898 2649 secum
913 2617 1072 2654 Azanem,
1087 2615 1207 2649 uxoris
1226 2625 1330 2660 quam
1354 2615 1518 2660 princeps
1538 2611 1694 2648 habebat

271 2665 427 2698 fratrem.
491 2664 559 2696 huc
589 2663 737 2697 veniens
761 2662 898 2707 accepit
933 2661 1167 2694 miserabilem
1191 2661 1439 2701 calamitatem,
1463 2670 1553 2706 quae
1577 2659 1694 2694 conti-

269 2710 408 2756 tigisset
428 2709 680 2745 Santamariae.
728 2709 879 2753 graviter
902 2717 942 2742 ea
966 2706 1087 2741 audita
1112 2707 1311 2742 succensuit
1335 2707 1488 2752 Zagano:
1513 2715 1594 2740 nam
1619 2715 1693 2740 me·
