1832 3216
486 178 558 217 DE
597 176 770 216 REBUS
809 174 1063 216 TURClClS
1103 175 1150 215 L.
1181 176 1252 216 IV.
1480 171 1574 216 201

118 280 340 328 α’στυκῶν,
381 279 453 318 καί
497 277 540 325 ἐς
569 271 751 328 ἀνάγκας
794 274 1051 328 ἀφικόμενον
1089 274 1278 328 μεγάλας
1305 274 1407 328 μηδ’
1439 271 1584 314 ὁτιοῦν

119 346 331 401 εὖρίσκειν
360 345 404 385 ἐν
451 339 600 399 ἑαυτῷ.
658 340 732 382 καὶ
771 339 845 382 τὸν
873 341 952 392 μὲν
979 342 1146 382 νεανίαν
1176 342 1479 382 ἐκπεπτωκέναι
1512 337 1583 380 διὰ

119 411 194 467 τήν
221 426 272 458 τε.
303 408 442 468 ἑαυτῷ
485 410 784 462 ἐπενεχθεῖσαν
825 407 990 448 αἰτιάν·
1059 403 1160 447 ὅθεν
1200 404 1273 448 καὶ
1317 405 1588 462 εὐφροσύνην

121 477 452 531 εὕπορισιξμενον
493 477 722 517 κατελθεῖν.
793 475 866 515 καί
911 466 1042 521 αὖθις
1080 472 1242 514 ἁλῶναι
1273 472 1591 529 διαφθείραντα

90 544 198 588 5τόν
226 539 362 596 ἄνδρα
395 544 547 584 ἐκεῖνον
597 537 643 589 ὃς
673 539 834 594 ἇπῆγεν
873 537 1003 581 αὐτὸν
1029 539 1274 594 προδοσίας.
1333 537 1375 588 ἐς
1407 535 1592 594 ἀνάγκας

123 609 245 653 ἰόντα
271 606 343 651 τὸν
373 605 509 654 οὕτως
538 604 833 648 ἐκπεπτωκότα
868 606 1100 660 διατρίβειν
1134 607 1178 647 ἐν
1215 605 1380 662 Κρήτῃ.
1441 607 1594 662 ἐπιφε-

127 678 306 732 ρομένης
338 677 385 716 δὲ
415 672 546 716 αυ’τὸν
576 668 706 722 αὖθις
735 675 900 726 αἰτίας,
931 671 1004 714 ε’πί
1030 673 1150 714 τοῦτο
1178 673 1596 725 μεταπεμψαμένους

124 742 225 792 τούς
266 743 367 784 δέκα
410 742 484 795 τῆς
527 738 688 788 πόλεως
729 743 1117 794 πολυπραγμονεῖν,
1156 739 1228 780 καί
1272 739 1353 791 οὐχ
1393 735 1596 792 εὑρόντας

129 811 381 862 ἀποπέμψαι
416 822 459 850 τε
490 803 620 856 αὖθις
649 808 692 855 ἐς
722 802 912 862 Κρήτην,
944 806 1018 847 καί
1042 807 1132 857 μετ’
1161 803 1210 845 οὕ
1231 804 1336 846 πολύ
1368 805 1500 846 αὐτοῦ
1529 818 1596 846 τε-

73 881 118 917 10
130 877 332 929 λευτῆσαι
361 906 374 916 .
408 905 419 916 .
449 904 460 915 .
491 903 503 914 .
532 874 575 922 ἐς
606 871 683 928 τήν
713 874 923 926 βασιλέως
951 874 1099 926 χώραν
1128 873 1202 912 καί
1228 872 1272 920 ἐς
1303 870 1406 912 αὐτὸ
1432 868 1479 912 τὸ
1506 868 1635 911 ἐπί-Β

128 957 238 984 νειον
274 941 431 993 αὐτοῦ,
471 942 545 982 καί
587 936 644 989 ὥς
679 940 863 994 ἐπλήρου
895 940 943 981 δὲ
972 937 1049 989 τὰς
1085 939 1215 990 ναῦς,
1243 936 1498 991 α’ντανὴγετο
1527 935 1599 976 και1
1613 942 1704 978 1416
1784 987 1794 996 .

130 1002 270 1062 οὗτος,
299 1005 410 1060 ἔχων
444 1006 633 1061 τριήρεις
676 1005 796 1048 πέντε
825 1007 900 1046 καί
927 1003 1085 1058 εἴκοσι,
1116 1006 1221 1060 νῆας
1253 1005 1298 1046 δὲ
1325 999 1456 1052 ἄλλας
1486 990 1708 1058 &apid-29
1721 990 1808 1024 Mffl·

129 1073 208 1124 τὰς
238 1071 507 1129 ὀγδοήκοντα,
538 1070 596 1122 ὥς
624 1072 905 1125 δεδιττόμενος
925 1070 1024 1120 τούς
1045 1067 1276 1119 Ουένετούς
1305 1071 1362 1128 τῷ
1388 1070 1600 1124 βασιλέως

131 1141 328 1196 ναυτικῷ.
399 1133 515 1181 οὗτοι
546 1140 624 1192 μὲν
650 1139 862 1195 προῃέσαν
901 1139 974 1180 ε’πί
1007 1136 1333 1193 Προικόνησον,
1360 1135 1600 1189 μετεώρους

76 1204 296 1262 15ἔχοντες
334 1203 410 1254 τοὶς
441 1206 547 1254 ναῦς
589 1201 734 1255 αὕτοΐς
754 1221 765 1233 ·
824 1203 848 1260 ἦ
894 1206 940 1247 δὲ
971 1207 1295 1259 Πελοποννησιά
1325 1203 1602 1245 ὑπολέλειπτο

133 1272 191 1322 ὥς
221 1269 398 1327 ὕστερον
437 1273 691 1327 α’ναγομένη.
750 1270 941 1314 ἐνταῦθα
980 1268 1036 1320 ὥς
1069 1268 1204 1325 ἀγχοῦ
1241 1272 1402 1325 ἐγένετο
1432 1269 1604 1324 τριήρης

133 1339 214 1392 μία
242 1341 320 1381 τοῦ
341 1341 564 1392 βασιλέως,
592 1340 879 1391 μετεπέμπετο
922 1338 943 1380 ὅ
974 1337 1141 1393 ἡγεμών
1169 1339 1251 1380 τῶν
1283 1338 1500 1379 Ουένεταῖν
1527 1352 1605 1396 1ση-

98 1461 100 1465 ¹
134 1410 256 1458 μεῖον
283 1404 457 1460 ἐπάρας,
488 1404 668 1447 κελεύων
711 1403 892 1446 ἕπεσθαι
929 1404 1003 1446 καί
1030 1403 1088 1460 μὴ
1123 1403 1358 1458 ἐμβάλλειν.
1418 1401 1607 1456 οἰόμενος

138 1473 180 1513 δ’
212 1470 233 1513 ὁ
267 1472 341 1526 τῆς
368 1470 565 1526 τριήρους
593 1465 738 1524 ὄρχων
771 1474 847 1525 τῆς
875 1474 1224 1526 Πελοποννησίας
1254 1468 1312 1520 ὥς
1339 1469 1501 1511 κελεύοι
1532 1472 1607 1522 έμ-

80 1537 324 1591 2οβάλλειν,
358 1535 413 1578 >τὸ
444 1537 645 1593 σύνθημα
675 1536 865 1590 οἰόμενός
907 1536 944 1580 οἱ
975 1539 1175 1591 γενέσθαι
1207 1536 1291 1578 ὑπὸ
1322 1538 1401 1578 τοῦ
1430 1543 1652 1590 στρατη-(3

139 1607 231 1660 γοῦ,
260 1603 460 1658 ἐμβάλλει
486 1619 530 1646 τε
573 1606 625 1661 τῇ
653 1606 729 1646 τοῦ
769 1607 981 1657 βασιλέως
1013 1603 1083 1660 νηί
1110 1603 1183 1646 καί
1210 1602 1428 1646 καταδύει.
1487 1600 1531 1644 αἱ
1563 1603 1610 1644 δὲ

139 1672 287 1712 λοιπαί
324 1672 410 1713 ταῖν
449 1672 726 1726 βαρβαρικῶν
769 1672 874 1713 νεῶν
920 1671 1093 1714 ἰδοῦσαι
1119 1670 1177 1720 ὥς
1205 1670 1395 1726 ὑπῆρκτο
1425 1671 1610 1723 πολέμου

238 1794 270 1831 1.
294 1793 545 1843 ἅστυνὸμωνί)
660 1795 694 1830 4.
719 1794 1018 1843 εὖπορισάμενοι
1042 1796 1066 1829 Ρ
1185 1795 1218 1829 7.
1245 1794 1372 1842 αὐτῷ.ο

144 1917 344 1958 appetens:
370 1924 492 1946 verum
520 1914 734 1959 quaestione
759 1913 883 1946 habita
911 1914 1054 1946 nullum
1079 1911 1243 1946 invenire
1274 1912 1411 1945 crimen
1437 1911 1610 1956 potuisse.

147 1959 414 1994 adolescentem
430 1961 576 2006 quidem
591 1961 745 1995 evasisse
763 1962 905 1994 illatum
936 1961 1083 1994 crimen.
1108 1971 1151 1993 ex
1177 1971 1248 2004 qua
1274 1971 1311 1992 re
1328 1971 1402 1992 non
1421 1958 1611 1993 mediocris

146 2008 287 2041 laetitia
317 2007 444 2041 oborta
471 2014 548 2053 est3
578 2010 728 2055 ipseque
755 2009 902 2042 domum
924 2008 1041 2042 rediit.
1091 2007 1224 2040 deinde
1240 2007 1369 2040 iterum
1390 2012 1515 2051 captus
1544 2011 1612 2046 est,

146 2065 228 2088 cum
268 2055 510 2090 interfecisset
550 2057 664 2090 virum
693 2057 757 2102 qui
783 2057 918 2089 crimen
942 2056 1160 2100 proditionis
1194 2055 1227 2087 ei
1253 2055 1462 2099 impegerat.
1515 2052 1612 2086 unde

147 2101 187 2135 in
214 2101 318 2136 Creta
345 2104 473 2136 morari
503 2109 648 2137 coactus
692 2109 755 2137 est.
818 2103 963 2137 tandem
1003 2115 1082 2136 cum
1120 2102 1241 2136 denuo
1273 2101 1488 2147 proditionis
1531 2111 1613 2134 reus

147 2149 264 2189 fieret,
293 2148 484 2184 decemviri
515 2151 670 2184 civitatis
698 2162 778 2183 eum
806 2155 1040 2193 accersentes,
1065 2162 1143 2184 cum
1169 2149 1289 2183 onmia
1315 2154 1508 2188 tentarent,
1547 2158 1615 2180 nec

149 2196 226 2230 ullo
257 2195 366 2231 modo
394 2199 528 2232 crimen
562 2204 724 2244 pateret,
755 2199 924 2232 remissus
952 2204 1006 2232 est
1032 2199 1068 2231 in
1096 2199 1261 2238 Cretam3
1296 2208 1363 2229 nec
1390 2196 1503 2229 multo
1531 2198 1613 2240 post

148 2241 287 2277 ibidem
315 2246 387 2278 vita
413 2245 577 2280 decessit.
643 2246 715 2279 dux
748 2246 860 2290 igitur
885 2246 1100 2290 Calliopolis
1133 2245 1281 2278 veniens
1316 2245 1353 2276 iu
1380 2244 1469 2287 regis
1499 2242 1615 2286 regio-

148 2301 231 2324 nem
257 2296 296 2324 et
318 2292 358 2325 in
385 2294 513 2327 navale
539 2294 615 2326 eius
632 2318 640 2333 ‚
666 2305 775 2326 naves
800 2292 975 2326 militibus
1004 2293 1190 2339 implevit,
1229 2296 1268 2324 et
1292 2290 1426 2324 ducens
1453 2290 1615 2323 triremes

149 2337 278 2382 viginti
313 2339 475 2385 quinque
518 2341 681 2385 aliasque
706 2352 815 2374 naves
840 2341 982 2373 circiter
1005 2340 1208 2384 octoginta,
1234 2339 1329 2382 regia
1357 2339 1471 2371 classe
1498 2337 1617 2369 Vene-

151 2384 211 2424 tis,
237 2397 327 2430 quos
355 2393 476 2421 contra
502 2387 724 2433 procedebat
741 2414 750 2430 ‚
777 2393 950 2421 terrorem
987 2388 1135 2420 iniicere
1160 2386 1355 2420 nitebatur.
1404 2384 1442 2417 hi
1469 2383 1619 2429 quidem

152 2431 304 2465 sublatis
329 2435 473 2467 navium
499 2436 729 2468 armamentis
767 2435 943 2480 progressi
968 2441 1052 2468 sunt
1078 2434 1360 2479 Periponnesum
1376 2457 1384 2471 ,
1419 2431 1513 2464 nihil
1540 2442 1618 2464 me-

154 2484 300 2513 tuentes
325 2479 477 2514 hostem.
541 2483 641 2516 navis
675 2483 982 2527 Peloponnesiaca
1025 2481 1303 2527 relinquebatur
1338 2490 1357 2511 a
1383 2484 1508 2523 tergo,
1532 2478 1620 2524 quia

153 2531 336 2572 postremo
364 2527 575 2562 adducenda
604 2535 704 2573 erat;
735 2541 840 2574 quae,
866 2541 946 2563 cum
976 2530 1072 2574 regia
1103 2528 1256 2561 triremis
1281 2527 1621 2571 appropinquasset,

154 2573 417 2608 accersebatur.
477 2575 548 2610 dux
587 2583 704 2611 autem
737 2577 958 2611 Venetorum
1002 2576 1146 2609 sublato
1187 2576 1287 2618 signo
1315 2584 1394 2605 eam
1425 2574 1527 2618 sequi
1554 2584 1620 2606 nec

153 2621 309 2666 priorem
337 2622 374 2654 in
400 2622 537 2656 hostem
566 2625 808 2658 incursionem
846 2626 963 2657 facere
990 2623 1148 2657 iubebat.
1200 2621 1529 2666 Peloponnesiacae
1557 2620 1620 2653 tri·

155 2668 258 2701 remis
285 2667 369 2710 dux,
395 2681 473 2702 cum
501 2677 643 2715 putaret
667 2683 703 2704 se
732 2672 867 2705 iussum
893 2673 1027 2704 irruere
1070 2671 1107 2702 in
1133 2669 1273 2702 hostem
1302 2674 1338 2701 et
1361 2673 1509 2713 propter
1533 2678 1622 2700 ean-

157 2713 238 2747 dem
267 2727 337 2748 rem
365 2717 502 2761 signum
529 2730 605 2751 esse
632 2718 766 2760 (latum,
795 2721 968 2764 impetum
996 2720 1032 2751 in
1074 2717 1164 2760 regis
1190 2727 1316 2749 navem
1345 2716 1443 2755 fecit,
1469 2725 1622 2760 eamque

157 2759 341 2808 demergit.
369 2765 534 2810 reliquae
558 2765 787 2800 barbarorum
811 2778 919 2800 naves
945 2777 1023 2799 cum
1050 2764 1278 2798 adverterent
1303 2775 1322 2796 a
1347 2768 1449 2808 parte
1474 2762 1624 2796 adversa
