1774 3204
226 187 322 236 240
587 191 808 232 memet
849 191 1352 234 CHALCOCONDYLAE

227 292 299 344 την
329 289 478 344 ἀρχήν,
507 291 761 342 μετεμέλησέ
789 305 832 330 τε
861 291 1008 330 αὐτίκα
1040 289 1110 330 καί
1141 290 1215 329 οὐκ
1247 289 1426 345 ἔφασκεν
1443 291 1550 332 ἴέναι
1579 289 1655 345 ἔτι,

89 363 211 397 P.128
225 354 279 408 μη
311 352 607 406 ἐπιτρεπόντων
648 357 728 395 τῶν
766 357 836 406 τῆς
863 353 1004 406 χώρας
1035 351 1226 406 ἀρίστων.
1295 353 1490 408 διηλλάγη
1517 357 1656 407 μέντοι

225 422 297 460 καί
335 421 384 474 τῇ
426 420 591 471 γυναικί
627 418 732 470 μετὰ
774 422 908 459 ταῦτα
929 453 938 471 ,
981 421 1052 458 καί
1079 418 1194 470 ἑβιόυ
1224 416 1354 471 ἡδέως
1382 418 1518 459 συνών
1549 418 1657 473 αὐτῇ

224 486 298 524 τοῦ
329 484 489 523 aomo&-
561 482 582 524 ὃ
625 485 766 534 μέντοι
805 481 1004 536 Ἑλλήνων
1042 481 1238 535 βασιλεὺς
1275 483 1379 535 πρός
1406 498 1450 523 τε
1487 482 1559 523 τὸν
1583 484 1656 535 τῆς

218 549 416 602 Ἠπείρου
446 545 623 601 ἡγεμόνα
654 546 723 588 τὸν
750 546 972 600 Κάρουλον
1000 548 1178 598 πόλεμον
1208 546 1405 600 ἐξήνεγκε,
1436 549 1506 588 καί
1533 549 1687 588 Κλα-5

225 617 388 665 ρεντιάν
414 615 487 665 τῆς
515 609 687 658 ’Ἠλιδος
713 610 967 665 μητρόπολιν
1010 609 1252 663 ἐπολιόρκει.
1319 615 1410 660 μετ’
1452 613 1504 651 ου’
1526 610 1655 652 πολὺν

227 679 271 718 δὲ
298 677 462 730 χρόνον,
496 677 551 725 ὥς
582 678 704 717 οὐδὲν
735 677 848 731 αὐτῷ
866 677 1095 728 προεχώρει
1116 678 1413 728 πολιορκοῦντι,
1442 675 1654 729 ἡρμόσατο

224 741 299 794 την
331 743 586 795 α’δελφιδοῦν
629 740 853 793 ἡγεμόνος,
897 740 1143 793 Λεονάρδου
1177 743 1221 780 δὲ
1249 743 1476 793 θυγατέρα,
1509 741 1579 781 ε’πί
1601 742 1659 795 τῷ

223 802 394 861 ἀδελφῷ
413 807 726 860 Κωνσταντίνῳ,
756 803 860 845 ὥστε
889 805 959 845 καί
987 805 1011 858 ἡ
1041 805 1159 851 πόλις
1186 802 1292 857 αὕτη
1321 804 1447 858 ἐδόθη
1477 805 1587 860 αὐτῷ
1612 805 1655 852 ἐς

222 869 389 924 φερνήν.
472 870 544 909 καί
593 869 790 919 βασιλεὺς
833 867 1035 920 Ἑλλήνων
1081 868 1311 919 ἐπολιόρκει
1359 867 1538 920 Πάτρας
1581 869 1653 921 τῆς
1667 876 1710 909 10

214 930 414 986 ’Λχαῖας,
443 932 545 983 μετὰ
578 935 622 973 δὲ
646 936 776 974 ταῦτα
808 932 1043 973 καταλιπών
1072 933 1144 973 τὸν
1165 931 1348 986 ἀδελφὸν
1380 933 1513 973 αὐτοῦ
1535 935 1654 972 Κων.

217 1004 425 1038 σταντῖνον
457 992 584 1053 ᾤχετο
614 998 828 1037 ἀποπλέων
857 1000 923 1037 ἐπί
941 997 1188 1046 Βυζαντίου.
1237 999 1292 1053 τῷ
1319 1000 1456 1048 μέντοι
1486 997 1655 1051 οἶδελφῷ

178 1064 348 1103 Βαιῖτοῦ
378 1062 678 1118 Κωνσταντίνῳ
712 1062 767 1108 ὥς
808 1061 856 1102 m'
890 1065 987 1114 περί
1013 1061 1088 1114 την
1114 1060 1230 1102 πόλιν
1261 1063 1552 1116 προσεχώρησε
1584 1062 1652 1100 καὶ

218 1130 447 1179 πολιορκῶν
491 1127 566 1166 οὐκ
609 1126 711 1166 ἆνιέι
752 1124 825 1177 την
860 1128 1003 1179 πόλιν,
1032 1127 1295 1166 συντίθενται
1324 1124 1362 1166 οἱ
1391 1130 1464 1178 τῆς
1489 1124 1646 1172 πόλεως

218 1188 365 1244 ἄνδρες
394 1193 618 1243 προδοσίαν
651 1191 771 1246 αὐτῷ,
804 1191 873 1230 καί
903 1190 1144 1242 ἐπαγόμενοι
1175 1190 1249 1243 τὴν
1277 1189 1396 1231 πόλιν
1423 1191 1650 1243 παρεδίδο-
1665 1196 1707 1228 15

216 1271 307 1306 oav,
340 1255 513 1301 ἀπόντος
537 1256 612 1295 τοῦ
639 1254 867 1306 ἀρχιερέως
885 1251 1010 1306 αὖτῆς
1040 1253 1082 1294 ὲν
1111 1255 1270 1309 Ἰταλίᾳ,
1302 1251 1399 1295 ὅσον
1419 1256 1652 1307 διατρίβον-

214 1335 280 1367 τος
307 1317 468 1372 χρόνον,
502 1317 741 1370 ἐπικουρίας
785 1318 977 1369 δεόμενον
1019 1317 1131 1369 παρὰ
1161 1321 1232 1358 τοῦ
1258 1319 1475 1369 Ῥωμαιων
1506 1320 1652 1371 α’ρχιε-

216 1387 334 1436 ρέως.
393 1382 544 1435 ταύτην
580 1385 656 1433 μὲν
700 1379 772 1422 οὖν
801 1382 874 1436 την
901 1381 1018 1423 πόλιν
1058 1385 1127 1434 τῆς
1157 1383 1336 1435 Ἀχαΐας
1365 1382 1403 1423 οἱ
1437 1382 1517 1422 α’πὸ
1548 1385 1651 1424 Ἰτα-

215 1449 307 1496 λίας
325 1447 644 1500 Πελοποννήσου
674 1446 881 1499 ἡγεμόνες,
911 1450 986 1486 τοῦ
1016 1446 1235 1499 Ζαχαρίου
1263 1446 1377 1487 οἴκου
1408 1448 1595 1498 διιόντες,
1626 1447 1651 1487 ὅ

212 1514 291 1564 μὲν
319 1507 460 1564 ἄρχων
483 1527 526 1552 τε
556 1513 626 1551 καί
655 1509 817 1563 ἡγεμών
842 1513 1096 1564 κατελείφθη
1124 1514 1196 1563 τῆς
1225 1513 1381 1563 χώρας,
1410 1514 1464 1568 τῷ
1491 1514 1537 1552 δὲ
1565 1509 1647 1552 ἑτέ-
1660 1516 1704 1550 20

214 1592 273 1632 ρῳ
303 1578 555 1629 διατρίβοντι
587 1576 700 1628 παρὰ
742 1578 796 1631 τῷ
818 1576 1037 1626 Ῥωμαίων
1076 1577 1270 1627 α’ρχιερεῖ
1292 1577 1441 1629 ταύτην
1469 1578 1649 1617 ἐπέδωκε

214 1640 288 1695 την
318 1638 436 1682 πόλιν
462 1641 656 1693 α’ρχιερεῖ
692 1643 893 1696 γενομένῳ
940 1639 1237 1695 ἐπιτροπεύειν.
1310 1642 1501 1694 ἦμέντοι
1531 1639 1650 1689 πόλις

313 1755 366 1787 13.
397 1753 438 1788 οὐ
465 1753 704 1800 προεχώρησε
717 1754 732 1787 ?

214 1866 400 1899 confestim
441 1876 520 1898 eum
554 1866 671 1909 coepti
699 1866 890 1908 poenituit,
914 1876 980 1897 nec
1012 1865 1160 1909 amplius
1191 1877 1227 1897 se
1256 1876 1362 1910 regno
1387 1876 1563 1898 cessurum
1588 1864 1645 1897 di-

214 1913 337 1945 cebat:
366 1913 463 1954 regni
490 1912 580 1944 enim
611 1922 771 1954 proceres
801 1912 843 1942 ab
865 1913 931 1943 isto
960 1913 1052 1943 vitae
1079 1913 1261 1955 proposito
1289 1922 1403 1955 regem
1429 1910 1646 1944 dehortaba-

216 1959 355 1990 bantur.
418 1957 546 1990 dehinc
575 1958 679 1989 etiam
706 1958 832 1996 uxori,
857 1958 914 1988 cui
943 1957 1178 2001 implacabilis
1216 1963 1314 1997 erat,
1341 1963 1484 2001 propter
1512 1957 1644 1990 formae

214 2004 487 2049 turpitudinem,
517 2004 773 2042 reconciliatus,
802 2004 954 2035 suaviter
971 2005 1006 2035 in
1034 2009 1208 2047 posterum
1237 2015 1312 2035 cum
1340 2003 1402 2035 illa
1425 2004 1532 2036 vitam
1558 2013 1643 2035 exe-

215 2051 276 2094 git.
326 2062 386 2083 rex
415 2051 626 2082 Graecorum
662 2049 797 2080 bellum
834 2050 958 2081 intulit
985 2050 1109 2081 Carolo
1136 2049 1229 2093 Epiri
1259 2049 1424 2093 principi,
1450 2054 1486 2082 et
1509 2050 1645 2081 exerci-

215 2097 308 2130 tibus
335 2096 545 2128 Clarentiam
570 2095 679 2127 Elidis
705 2097 929 2138 metropolim
952 2095 1185 2127 circumsedit.
1237 2106 1302 2127 nec
1325 2096 1436 2127 multo
1459 2100 1541 2139 post
1564 2105 1644 2126 cum

214 2142 313 2175 urbis
341 2142 557 2187 oppugnatio
597 2141 694 2173 irrita
722 2141 873 2179 caderet,
899 2141 1017 2173 Caroli
1047 2141 1311 2180 consobrinam,
1341 2140 1513 2172 Leonardi
1541 2140 1640 2173 ducis

216 2189 336 2229 filiam,
365 2189 461 2220 fratri
477 2187 711 2219 Constantino
737 2197 882 2219 uxorem
897 2186 1007 2226 dedit,
1031 2186 1097 2219 hac
1121 2192 1238 2219 tamen
1264 2186 1482 2226 conditione,
1510 2190 1550 2218 ut
1575 2185 1643 2218 ‹lo-

216 2235 260 2267 tis
287 2235 430 2267 nomine
458 2233 692 2266 Constantino
727 2233 806 2264 urbs
832 2234 896 2265 ista
923 2233 1130 2264 traderetur.
1190 2238 1312 2276 postea
1342 2232 1443 2264 duxit
1468 2233 1642 2264 exercitus

217 2286 337 2313 contra
379 2282 493 2312 Patras
519 2279 669 2311 Achaiae
703 2279 846 2319 urbem,
872 2289 976 2322 quam
1009 2278 1196 2310 obsidione
1223 2277 1462 2311 circumdedit.
1510 2277 1642 2310 deinde

217 2327 341 2359 relicto
368 2327 474 2358 fratre
496 2326 740 2365 Constantino,
767 2325 821 2356 cui
852 2325 947 2356 urbis
977 2325 1277 2369 oppugnationem
1299 2324 1493 2362 mandarat,
1515 2334 1641 2356 navem

217 2372 442 2411 conscendit,
476 2377 512 2403 et
539 2371 739 2414 Byzantium
777 2370 1025 2414 proficiscitur.
1089 2381 1166 2402 cum
1199 2371 1349 2402 multum
1377 2371 1444 2402 iam
1471 2370 1640 2414 temporis

218 2419 402 2450 moenibus
429 2417 523 2449 urbis
549 2416 746 2455 assedisset,
776 2428 841 2448 nec
864 2422 980 2448 tamen
1010 2415 1089 2447 urbs
1118 2417 1153 2447 in
1179 2427 1301 2449 manus
1324 2417 1491 2456 venisset,
1517 2415 1640 2460 prodi-

216 2465 324 2497 tionis
350 2464 499 2496 consilia
523 2462 688 2507 oppidani
715 2474 791 2494 cum
811 2462 1042 2494 Constantino
1071 2461 1262 2504 agitabant.
1312 2462 1435 2494 aberat
1463 2462 1556 2494 enim
1582 2473 1643 2494 ιιι·-

216 2510 270 2542 bis
293 2511 503 2554 episcopus,
530 2509 707 2553 profectus
741 2509 777 2540 in
803 2509 940 2540 ltaliam
971 2508 1094 2540 auxilii
1128 2508 1271 2551 petendi
1301 2509 1429 2550 gratia3
1455 2513 1493 2540 et
1518 2508 1641 2551 longas

216 2555 264 2587 ibi
294 2557 418 2598 agebat
451 2566 565 2587 moras
583 2580 590 2594 ,
618 2561 656 2587 ut
683 2565 700 2585 a
726 2555 893 2598 pontifice
927 2553 962 2585 id
989 2554 1173 2597 acciperet.
1224 2554 1313 2586 lianc
1342 2553 1493 2586 Achaiae
1519 2553 1641 2586 urbem

216 2602 329 2634 Italici
356 2603 542 2646 principes,
574 2602 635 2645 qui
656 2600 934 2644 Peloponnesum
955 2600 1133 2641 regebant,
1159 2608 1200 2632 ex
1228 2600 1359 2632 familia
1374 2601 1639 2632 Malatestarnm

215 2649 296 2687 orti,
323 2654 562 2692 occupantes,
599 2658 705 2678 «inum
743 2646 884 2691 quidem
920 2645 1094 2678 dederunt
1128 2646 1206 2677 urbi
1241 2647 1457 2690 principem:
1489 2645 1638 2678 alterum

214 2694 407 2738 elegerunt,
427 2694 487 2739 qui
513 2705 588 2727 eam
613 2692 874 2726 administraret
905 2698 939 2724 et
965 2703 1100 2736 semper
1117 2693 1308 2725 Romanum
1332 2691 1536 2736 pontificem
1559 2702 1639 2724 mo-
