1884 3178
413 206 485 256 DE
524 203 698 244 REBUS
738 200 995 244 TURClClS
1032 203 1082 242 L.
1110 202 1184 242 111.
1443 193 1530 239 151

67 301 223 346 ἑαυτὸν
253 303 458 355 πέμπειν,
499 302 573 344 καί
603 300 848 354 ὑπισχνεῖτο
881 299 1105 350 διαλλάξαι
1137 314 1180 342 τε
1210 297 1330 354 αύτῷ
1356 299 1537 351 βασιλέα

77 369 297 424 Τεμὴρην,
337 363 365 426 ᾗ
406 365 457 410 ἂν
496 365 627 416 αὐτός
669 367 876 420 βούλοιτο.
935 364 1008 407 τὸν
1039 367 1086 407 δὲ
1112 364 1378 418 ὑπολαβόντα
1405 362 1540 420 φάναι

70 435 129 486 ὥς
160 436 214 476 ου’
251 437 304 492 τῇ
346 434 505 478 ἐκείνου
547 435 717 476 συνέσει
759 430 972 475 πιστεύων
1012 431 1207 487 ἀφίκοιτο
1236 432 1308 473 ε’πί
1334 433 1445 485 μέγα
1471 430 1598 475 εύ-ν.
1612 438 1659 473 63

72 503 324 555 δαιμονίας,
366 499 573 556 ἡγεμόνας
614 499 839 548 τοσούτους
879 498 1307 553 καταστρεψάμενον,
1352 494 1458 538 α’λλά
1491 497 1544 552 τῇ

35 563 231 610 ὅὲαυτοῦ
259 565 369 624 ὁρμῇ
398 581 441 609 τε
469 567 543 608 καί
568 564 849 621 γενναιότητι,
888 565 998 622 τύχῃ
1041 566 1086 607 δὲ
1119 565 1251 605 εἰπεῖν
1293 566 1367 606 κατ’
1407 562 1543 618 τόλμῃ

70 635 430 688 έπιτραπομένους
458 635 542 674 τῶν
580 633 791 686 βασιλέων
833 629 1038 685 πολλούς,
1079 632 1153 672 καί
1194 632 1296 684 δίχα
1334 631 1544 677 συνέσεως

68 700 268 755 μεγάλης,
295 698 589 751 ἐπιδείξασθαι
619 696 737 754 ἔργα,
769 700 935 740 συνέσει
966 699 1013 740 δὲ
1042 695 1087 739 τὸ
1117 698 1200 739 πᾶν
1229 698 1544 750 ἐπιτρέψαντας
1559 705 1592 739 P.
1606 705 1653 739 80

68 764 270 821 αἴσχιστα
297 767 550 807 ἀπολέσθαι.

185 829 316 875 ,Μετὰ
357 833 405 873 δὲ
435 832 598 886 ταῦτα,
628 829 688 880 ὥς
724 831 770 873 ἐν
803 833 855 887 τῇ
893 825 1131 885 Ἀρμενίων
1169 827 1333 884 ἐγένετο
1367 828 1439 871 ἐπὶ
1469 831 1547 870 Τε-

16 898 186 953 1Ομὴρη
216 895 566 951 στρατευόμενος,
597 894 846 950 ἐβουλεύετο
884 895 941 945 ὥς
974 895 1023 952 ὼ)
1062 896 1266 950 κράτιστα
1295 894 1371 950 τὴν
1403 892 1547 950 μάχην

76 962 311 1018 ποιήσαιτο.
365 963 751 1017 μεταπεμψάμενος
779 965 826 1004 δὲ
853 963 951 1012 τούς
983 963 1184 1017 α’ρίστους
1213 962 1256 1012 ἐς
1282 959 1443 1016 βουλήν
1471 977 1547 1002 κα-

75 1034 264 1073 θίστατο.
333 1033 410 1072 καί
433 1046 555 1073 τινων
593 1033 824 1084 γενομένων
868 1030 933 1072 ἐπ’
963 1027 1191 1086 ἀμφότερα
1221 1034 1314 1078 ταῖς
1345 1028 1547 1083 γνώμαις,

75 1100 244 1150 λέγεται
269 1099 478 1152 Πραῖμην
517 1093 592 1138 τὸν
617 1096 799 1152 Ἀλιέω,
834 1096 1034 1151 μέγιστον
1074 1094 1126 1150 δὴ
1159 1095 1275 1150 παρά
1307 1098 1364 1153 τῷ
1396 1098 1535 1137 Παια-

79 1162 180 1220 ζὴτῃ
211 1161 476 1218 δυνάμενον,
502 1161 758 1216 βουλεύοντα
789 1164 904 1214 λέξαι
945 1160 1103 1207 τοιάδε.
1165 1157 1225 1205 “03
1257 1164 1450 1216 βασιλεῦ,
1482 1163 1548 1203 ἐπ’

22 1240 66 1275 15
79 1224 238 1284 ἄνδρας
266 1228 569 1286 παρασκευάζῃ
601 1227 916 1285 στρατεύεσθαι
943 1227 993 1272 τά
1018 1244 1062 1271 τε
1092 1231 1271 1281 πολέμια
1301 1231 1550 1283 λεγομένους

83 1292 194 1338 εἶναι
235 1295 425 1349 ἀγαθούς
467 1294 549 1337 ὑπὸ
593 1294 788 1348 πάντων,
822 1291 916 1338 ὅσοι
958 1294 1011 1350 δὴ
1043 1298 1118 1350 τῆς
1145 1311 1189 1338 τε
1215 1293 1384 1351 γνώμης
1408 1295 1552 1337 αὐτῶν

72 1360 157 1415 ,καὶ
185 1357 339 1416 ἆρετῆς
355 1363 646 1416 ἐπειράσαντο.
677 1361 843 1411 τούτοις
865 1362 944 1415 ἐγώ
975 1365 1035 1412 εἰς
1066 1362 1217 1416 λόγους
1247 1359 1304 1410 ὥς
1333 1359 1385 1403 τά
1418 1359 1591 1405 πολλάΒ

80 1428 312 1484 α’φικόμην,
345 1425 567 1483 ἐπυθόμην
584 1427 660 1482 τήν
676 1443 720 1469 τε
754 1428 908 1483 α’ρετην
939 1424 1046 1470 εἶναι
1077 1427 1235 1478 παντὸς
1265 1427 1385 1482 λόγου
1419 1428 1553 1479 α’ξίαν,

79 1493 154 1535 καί
180 1495 341 1549 πλῆθος
367 1493 417 1549 δὴ
447 1492 762 1536 πολλαπλάσιον
794 1497 869 1536 τοῦ
899 1495 1106 1550 ἡμετέρου
1136 1495 1451 1547 στρατεύματος
1479 1495 1552 1548 α’γ-

26 1564 274 1616 2ογέλλεται
307 1560 406 1616 ἡμῖν
433 1557 542 1603 εἶναι
574 1560 621 1603 τὸ
641 1558 843 1616 Τεμὴρεω
873 1560 1135 1616 στράτευμα.
1168 1557 1277 1603 ὥστε
1307 1562 1396 1603 κατ’
1423 1555 1555 1617 ἄμφω

85 1625 137 1682 δή
169 1627 306 1669 τούτω
350 1623 434 1670 οὔτ’
471 1623 523 1669 ἂν
563 1628 934 1681 συμβουλεύσαιμι
976 1629 1225 1682 θαρροῦντα
1272 1629 1331 1684 τῷ
1370 1627 1556 1684 ἡμετέρῳ

83 1695 250 1753 στρατῷ
281 1694 390 1736 ἰέναι
417 1692 551 1748 ὁμόσε
579 1695 623 1744 ἐς
655 1695 699 1736 τὸ
738 1692 940 1749 Τεμὴρεω
978 1692 1282 1750 στρατόπεδον.
1341 1695 1433 1736 ἀλλ’
1464 1694 1558 1735 οὐδ’

87 1879 244 1923 legatum
270 1878 347 1912 fore
380 1879 417 1912 in
443 1878 510 1913 hac
544 1890 581 1912 re
608 1879 855 1925 promittebat,
880 1885 918 1913 et
943 1880 1043 1913 iuxta
1067 1880 1179 1914 animi
1202 1880 1318 1926 ipsius
1336 1881 1555 1914 sententiam

86 1926 267 1959 'semin-em
297 1927 624 1960 reconciliatur-um.
675 1927 849 1960 Paiazites
888 1928 1076 1972 respondit
1098 1933 1308 1974 “nunquam
1333 1933 1471 1962 tantum
1500 1928 1556 1961 fe-

89 1973 235 2006 licitatis
259 1973 544 2007 conscendissem
573 1974 766 2018 fastigium,
790 1985 858 2007 nec
883 1976 992 2008 etiam
1025 1980 1081 2009 tot
1107 1975 1214 2009 duces
1240 1976 1433 2021 imperium
1459 1976 1556 2008 acci-

89 2031 175 2066 pere
199 2020 394 2064 coegissem
414 2045 424 2062 ,
462 2022 491 2054 si
521 2027 603 2054 tuae
631 2021 847 2065 prudentiae
875 2033 933 2055 me
959 2023 1228 2056 commisissem.
1279 2024 1418 2069 impetu
1444 2022 1556 2056 vehe-

89 2067 203 2101 menti
245 2079 398 2113 meaque
425 2070 664 2112 generositate
691 2068 821 2102 ductus
853 2074 952 2103 tanta
981 2081 1090 2115 opera
1120 2071 1319 2115 designavi.
1369 2076 1556 2116 praeterea

89 2114 238 2161 quidam
267 2125 368 2160 reges
398 2114 579 2149 fortunam
608 2121 646 2148 et
669 2116 851 2149 andaciam
882 2119 1019 2159 secuti,
1047 2118 1210 2162 neglecta
1236 2118 1451 2164 prudentia,
1479 2118 1557 2150 exi-

88 2163 162 2196 min
185 2162 303 2195 fecere
329 2173 462 2209 opera,
501 2174 580 2196 cum
608 2163 738 2208 reliqui
765 2163 930 2206 interim,
958 2167 1022 2211 qui
1048 2165 1087 2198 in
1111 2165 1279 2199 omnibus
1305 2166 1558 2211 praetulerunt

89 2208 331 2256 prudentiam,
358 2211 563 2255 turpissime
592 2212 799 2255 perierint-'³

185 2255 274 2290 Cum
308 2257 346 2290 in
371 2258 538 2291 Armenia
572 2258 687 2299 soret,
728 2259 868 2291 animus
900 2263 977 2292 erat.
1010 2259 1184 2292 universis
1228 2259 1341 2304 copiis
1376 2259 1414 2291 in
1443 2259 1556 2292 aciem

90 2302 230 2339 eductis
265 2315 400 2337 summa
440 2306 474 2338 vi
510 2310 646 2338 certare
682 2317 761 2338 cum
788 2306 904 2339 hoste.
956 2305 1131 2339 adhibitis
1168 2306 1278 2349 igitur
1303 2307 1340 2339 in
1365 2306 1554 2339 consilium

93 2351 356 2395 optimatibus,
394 2357 433 2384 ut
459 2353 636 2398 praelium
665 2352 874 2386 faciendum
899 2358 1014 2393 esset,
1043 2353 1281 2387 deliberabat.
1332 2364 1412 2386 cum
1438 2359 1558 2386 essent

91 2409 246 2444 quorum
272 2399 472 2432 sententiae
501 2401 538 2433 in
564 2406 753 2446 utramque
779 2407 916 2446 partem
942 2401 1172 2442 inclinarent,
1199 2401 1293 2433 sama
1319 2406 1375 2433 est
1398 2401 1558 2434 Praimen

91 2445 188 2478 Alcis
212 2445 340 2487 filium,
367 2447 429 2492 qui
462 2447 655 2491 plurimum
676 2448 842 2492 pollebat
865 2448 963 2493 apud
980 2449 1183 2489 Paiazitem,
1208 2448 1258 2480 sic
1282 2447 1442 2480 locutum
1469 2459 1558 2481 esse.

94 2498 140 2526 “o
169 2503 241 2533 rex,
269 2498 392 2534 eontra
417 2494 511 2527 viros
547 2494 703 2528 adornas
728 2496 930 2540 praelium,
955 2496 1019 2541 qui
1046 2496 1175 2540 peritia
1204 2505 1321 2527 rerum
1344 2494 1559 2530 bellicarum

95 2539 260 2573 seruntur
299 2551 376 2573 esse
410 2542 515 2586 primi
558 2541 605 2574 ab
631 2542 676 2575 iis
721 2543 783 2588 qui
821 2554 945 2575 eorum
971 2543 1111 2575 animos
1136 2547 1173 2575 et
1196 2542 1365 2575 virtutem
1389 2548 1473 2575 sunt
1497 2553 1561 2576 ex-

95 2587 202 2632 perti.
261 2598 339 2619 cum
378 2586 431 2620 his
459 2599 524 2632 ego
559 2600 706 2635 quoque
743 2590 884 2635 saepius
922 2590 960 2622 in
985 2590 1207 2634 colloquium
1242 2589 1338 2630 veni,
1364 2589 1560 2635 audivique

95 2635 268 2667 virtutem
293 2645 416 2667 eorum
442 2636 541 2669 miris
558 2635 674 2670 modis
699 2636 887 2670 celebrari.
937 2642 1124 2682 praeterea
1151 2637 1389 2669 annuntiatur
1407 2637 1562 2670 'sentiris

97 2681 220 2726 copias
247 2681 370 2714 multis
397 2682 510 2716 modis
535 2694 684 2716 numero
711 2695 880 2729 superare
906 2689 1060 2717 nostras.
1110 2684 1236 2729 itaque
1262 2689 1302 2717 ut
1323 2683 1432 2720 modo
1458 2690 1562 2718 utro-

99 2738 250 2773 rumque
275 2729 443 2762 intellexi
469 2731 690 2772 sententias,
717 2732 745 2764 si
771 2737 808 2765 et
831 2743 949 2765 meum
979 2730 1136 2763 dandum
1163 2735 1219 2763 est
1242 2732 1446 2773 consilium,
1475 2743 1562 2765 con·

101 2775 261 2816 suluero,
289 2780 411 2809 nostro
437 2777 609 2810 exercitui
638 2779 771 2820 fidens,
796 2779 931 2818 irruere
967 2778 1006 2811 in
1032 2783 1144 2811 castra
1170 2778 1333 2813 Temiris.
1382 2785 1562 2814 verumta-

1130 2827 1145 2841 0
