1884 3178
506 191 577 230 DE
616 190 790 230 REBUS
826 187 1082 230 TURClClS
1114 190 1161 228 L.
1188 190 1262 229 ΠΙ.
1507 183 1597 228 137

133 294 306 347 ρέχουσι
334 291 391 348 τῷ
418 293 594 342 βασιλεῖ
616 287 696 330 ἀπὸ
727 287 864 339 ξύλων
894 290 1278 341 κατεσκευασμένα.
1338 287 1602 339 ἐπιδιελόμε-

133 373 198 400 νοι
220 358 270 398 δὲ
299 357 360 406 εἰς
387 357 542 409 μοίρας
573 354 731 411 ταύτην
757 353 990 407 σύμπασαν
1023 352 1099 408 την
1126 353 1299 409 α’γοράν,
1329 349 1540 414 ἄρχοντάς
1558 368 1601 394 τε

133 424 336 478 ἐφιστᾶσι
367 420 542 478 τούτων,
573 423 646 464 καί
673 420 848 463 ἐπειδάν
867 422 1108 476 παραγγέλῃ
1138 419 1355 473 βασιλεύς,
1382 422 1602 475 χωροῦσιν

133 490 201 545 ἐφ’
230 483 255 529 ὁ’
282 504 322 530 τι
352 485 404 531 ἂν
431 490 602 543 γένηται
629 489 770 543 χρεία.

100 561 122 595 5
248 553 347 597 Τότε
376 557 458 607 μὲν
487 549 562 596 οὖν
590 553 648 602 ὥς
675 553 945 607 ἐστρατεύετο
987 554 1180 607 Τεμήρης
1210 553 1397 594 ἐλαύνων
1425 552 1497 594 τὸν
1525 551 1600 607 τῆς

126 621 266 670 Ασίας
294 620 488 675 στρατόν,
521 622 595 662 καί
621 618 829 662 ἐπύθοντο
855 620 926 661 ε’πί
960 620 1075 675 σφᾶς
1100 618 1444 674 στρατευόμενον,
1474 621 1644 671 βασι-1)

131 684 228 735 λεύς
258 688 401 740 μέντοι
429 688 501 740 τήν
528 702 573 729 τε
616 687 775 741 α’γορὰν
813 683 1045 738 σύμπασαν
1075 686 1118 733 ἐς
1149 684 1332 741 στρατὸν
1364 685 1600 739 ποιησάμε-

131 767 200 801 νος
227 752 627 807 ἐστρατοπεδεύετο,
657 754 728 794 ὲπί
758 750 940 800 πολλούς
973 750 1017 793 τὸ
1048 751 1178 805 βάρος
1205 748 1497 805 ποιησάμενος.
1529 750 1601 791 καί

132 813 262 867 αὐτὸς
290 820 371 871 μὲν
413 817 549 875 ταύτῃ
591 819 823 871 ταξάμενος
851 816 936 860 ἵετο
966 815 1096 871 ὁμόσε
1126 815 1200 859 έπί
1224 815 1323 865 τούς
1354 819 1598 869 πολεμίους,

76 891 120 926 10
130 890 286 940 μοῖραν
315 887 363 927 δὲ
389 887 635 938 προέπεμψε
667 884 741 938 τὴν
768 883 953 935 πάροδον
974 885 1367 938 καταληψομένους,
1394 877 1422 939 ᾗ
1451 881 1598 934 ἔμελλε

131 951 466 1005 διαπορεύεσθαι
501 949 693 1005 Τεμήρης
722 950 743 991 ὁ
768 951 982 1006 βασιλεύς,
1013 949 1086 992 καί
1113 951 1376 991 διακωλῦσαι
1408 951 1600 990 ἐκέλευεν

131 1013 227 1059 ὅποι
260 1014 436 1059 δύναιτο
464 1014 523 1065 ὥς
541 1017 747 1072 κράτιστα
774 1016 1014 1070 μαχόμενος
1041 1017 1100 1073 τῷ
1131 1015 1315 1072 Τεμήρῃ.
1373 1009 1495 1063 οὗτος
1523 1015 1601 1066 μὲν

130 1083 182 1137 δη
213 1082 473 1138 παραλαβών
505 1081 583 1137 τήν
618 1086 719 1136 μεθ’
764 1081 923 1124 ἑαυτοῦ
965 1087 1143 1136 μοῖραν·
1215 1081 1410 1136 Τεμηρης
1450 1083 1496 1122 δὲ
1544 1077 1602 1129 ὥς

131 1148 249 1206 ἐπῄει
277 1148 350 1192 τὸν
378 1149 577 1204 στρατόν,
608 1148 718 1191 εὐθύ
756 1148 964 1198 Τανάϊδος
997 1146 1243 1203 ἐπορεύετο,
1273 1150 1319 1190 ἐν
1346 1149 1473 1204 δεξιᾷ,
1492 1145 1602 1200 ἔχων

75 1225 118 1260 15
131 1213 204 1258 τόν
230 1214 474 1257 Καύκασον.
507 1218 600 1258 ἐπεὶ
629 1217 674 1258 δὲ
702 1217 919 1268 εἰσέβαλεν
949 1217 993 1265 ἐς
1023 1213 1101 1270 τήν
1116 1213 1342 1270 Σκυθικήν,
1375 1209 1475 1267 εὗρε
1503 1211 1602 1261 τούς

130 1280 302 1329 Σκύθας
327 1283 802 1335 ἐστρατοπεδευμένους.
869 1281 941 1322 καί
980 1281 1036 1330 ὥς
1065 1277 1249 1337 ᾔσθοντο
1278 1278 1475 1334 ἐπιόντα,
1519 1297 1596 1320 πα·
1614 1288 1648 1322 Ρ.
1667 1288 1715 1322 73

132 1348 384 1400 ρετάσσοντο
434 1345 490 1396 ὥς
531 1349 575 1396 ἐς
610 1348 767 1403 μάχην.
845 1349 919 1388 καί
961 1347 1087 1395 αὐτὸς
1113 1362 1158 1388 τε
1205 1346 1602 1400 ἀντιπαρετάσσετο,

133 1414 207 1454 καί
242 1412 386 1467 μάχην
421 1415 500 1465 μέν
524 1429 618 1454 τινα
658 1413 906 1467 ἐποιήσαντο
953 1414 998 1455 ἐν
1038 1413 1088 1469 τῇ
1129 1409 1327 1469 παρόδῳ,
1375 1414 1448 1452 καί
1477 1413 1603 1452 ου’ὃὲν

132 1479 259 1520 πλέον
286 1477 386 1532 ἔσχε
422 1477 617 1534 Τεμήρης
645 1481 690 1521 ἐν
716 1482 767 1536 τῇ
797 1477 916 1536 μάχῃ
954 1478 1095 1535 ταύτῃ.
1153 1478 1260 1530 μετὰ
1295 1479 1354 1529 δέ,
1384 1477 1441 1526 ὥς
1471 1479 1601 1531 ἐπηυ-

72 1551 119 1587 20
133 1545 292 1599 λίσατο,
321 1547 372 1602 τῇ
395 1544 599 1603 ὑστεραίᾳ
630 1539 759 1595 αὖθις
788 1543 1102 1599 παρετάσσετο,
1135 1546 1209 1585 καί
1237 1546 1503 1598 ἐμαχέσαντο
1532 1544 1605 1584 καί

130 1610 428 1666 ἐξεκρούσαντο
457 1613 598 1667 αὐτόν,
630 1610 737 1654 ὥστε
763 1613 866 1667 μηδ’
892 1610 1088 1653 ὁπωσοῦν
1106 1613 1259 1662 ἐξεῖναι
1287 1608 1422 1651 αὐτὸν
1449 1612 1603 1664 παριέ-

131 1692 202 1718 ναι
231 1675 331 1719 εἴσω
374 1676 447 1719 καὶ
485 1677 708 1730 ἐσβάλλειν
746 1680 788 1726 ἐς
833 1678 911 1732 τὴν
938 1675 1098 1731 χώραν.
1172 1676 1247 1718 καί
1278 1676 1414 1718 αύτοό
1441 1691 1486 1718 τε
1514 1677 1602 1718 διέ-

227 1799 262 1832 8.
286 1798 436 1844 βάθος-Ρ

132 1906 234 1951 gibus
266 1913 527 1953 praeparatam.
584 1908 718 1942 deinde
758 1909 955 1953 partientes
992 1910 1141 1953 Agoram
1189 1908 1282 1940 hanc
1317 1908 1517 1940 universam
1560 1907 1600 1940 in

132 1953 304 1999 quasdam
329 1960 461 1999 partes,
485 1956 636 1999 singulis
661 1956 890 1999 magistratus
916 1967 980 1989 seu
998 1955 1107 1988 duces
1123 1955 1360 2000 praeficiunt3
1386 1959 1423 1988 et
1449 1953 1598 2000 quando

130 2002 360 2047 imperaverit
386 2013 459 2044 rex,
485 2003 676 2036 confestim
705 2014 829 2036 omnes
856 2002 1028 2036 advolant
1062 2003 1235 2048 imperata
1260 2002 1403 2035 facturi.

225 2049 276 2081 Ea
302 2049 411 2092 igitur
438 2055 652 2094 tempestate
679 2061 759 2083 cum
777 2051 939 2084 Temires
958 2050 1125 2083 ductaret
1149 2050 1254 2082 Asiae
1283 2049 1491 2088 exercitum,
1508 2048 1595 2091 Scy-

131 2093 291 2141 thaeque
317 2095 568 2141 intelligerent
606 2108 688 2130 eum
715 2097 902 2131 adversum
926 2109 963 2130 se
994 2096 1176 2130 hostiliter
1206 2096 1397 2142 proficisci,
1423 2107 1484 2128 rex
1512 2096 1595 2127 uni-

131 2152 231 2175 versa
256 2143 370 2186 Agora
402 2144 441 2176 in
471 2144 667 2178 exercitum
693 2145 823 2178 allecta
844 2170 853 2185 ‚
881 2145 1071 2190 imponens
1097 2155 1206 2178 onera
1232 2144 1414 2188 plaustris,
1442 2142 1595 2187 propriis

131 2188 267 2222 viribus
291 2189 387 2223 hosti
409 2190 554 2224 obviam
578 2191 808 2236 procedebat.
835 2193 1011 2224 exercitus
1038 2197 1176 2236 partem
1210 2191 1395 2235 praemisit
1418 2189 1463 2221 ad
1488 2200 1595 2233 prae-

131 2236 359 2281 occupandas
396 2239 576 2281 angustias
602 2240 798 2278 montium,
835 2250 906 2283 qua
934 2238 1162 2272 traducturus
1200 2238 1396 2271 exercitum
1432 2236 1596 2269 'remites

132 2288 220 2316 erat.
270 2282 337 2317 hos
374 2284 478 2318 iussit
516 2286 660 2319 fortiter
697 2287 864 2320 resistere
902 2285 1089 2326 hostibus,
1124 2297 1187 2318 eos
1214 2284 1315 2318 aditu
1342 2282 1595 2329 prohibentes.

133 2330 197 2374 qui
224 2329 320 2364 dicto
343 2331 532 2366 audientes
561 2333 674 2366 fuere.
724 2333 887 2366 Temires
924 2333 1099 2366 accedens
1127 2333 1323 2365 exercitum
1351 2336 1447 2364 recta
1474 2341 1596 2365 versus

131 2375 282 2411 Tanaim
318 2379 510 2421 movebat,
539 2390 559 2411 a
596 2379 719 2413 dextra
759 2380 895 2413 habens
934 2385 1093 2413 montem
1125 2380 1334 2412 Caucasum.
1388 2377 1450 2409 ubi
1475 2381 1596 2410 autem

131 2423 236 2457 irruit
264 2425 303 2457 in
327 2425 531 2468 Scythiam,
559 2426 802 2472 deprehendit
838 2426 988 2470 Scythas
1022 2431 1291 2460 castrametatos
1330 2435 1417 2457 esse.
1468 2425 1531 2468 qui
1560 2429 1598 2456 ut

132 2477 350 2516 acceperunt
373 2472 567 2506 adventum
580 2475 750 2516 Temiris,
772 2475 882 2508 aciem
909 2476 1106 2514 instruunt,
1134 2473 1264 2519 praelii
1289 2473 1427 2516 copiam
1454 2471 1596 2503 facturi.

131 2517 212 2562 ipse
235 2528 384 2563 quoque
409 2521 571 2554 Temires
609 2532 691 2554 suos
718 2523 755 2554 in
779 2522 890 2554 aciem
925 2521 1115 2554 educebat.
1183 2519 1328 2552 tandem
1358 2519 1393 2550 in
1422 2518 1597 2561 angustiis

133 2566 341 2598 commisere
367 2568 565 2610 praelium:
609 2580 683 2601 non
721 2575 841 2602 tamen
866 2569 953 2602 vicit
977 2567 1126 2611 Scythas
1157 2566 1337 2606 Temires,
1362 2575 1484 2598 verum
1513 2575 1597 2609 pro-

133 2611 326 2655 pemodum
352 2623 468 2658 aequo
493 2615 606 2649 Marte
629 2620 688 2648 est
721 2621 931 2660 pugnatum.
989 2615 1123 2648 dehinc
1149 2625 1227 2645 cum
1260 2613 1418 2657 receptui
1443 2612 1596 2645 cecinis-

133 2664 225 2698 sent,
250 2658 310 2692 die
348 2665 492 2703 postero
527 2662 657 2695 iterum
694 2662 739 2695 ad
782 2663 957 2708 praelium
1000 2659 1292 2704 accingebantur.
1354 2658 1446 2692 adeo
1477 2663 1597 2692 autem

135 2704 279 2739 fortiter
303 2705 521 2741 dimicarunt
547 2708 699 2752 Scythae
736 2716 776 2742 ut
819 2710 1001 2755 pellerent
1028 2709 1229 2746 Temirem,
1263 2707 1444 2752 planeque
1472 2711 1511 2739 ut
1534 2705 1598 2738 de-

135 2758 297 2796 speraret
323 2764 359 2786 se
398 2755 438 2789 iu
478 2756 635 2799 ipsorum
674 2758 858 2800 regionem
886 2757 1020 2790 intrare
1049 2765 1165 2800 posse.
1218 2753 1334 2788 clades
1362 2754 1515 2788 maxima
1544 2753 1597 2785 ibi
