1858 3210
435 193 507 234 DE
545 193 717 234 REBUS
757 192 1013 246 TURClCIS·
1051 194 1097 234 L.
1123 195 1174 234 X.
1476 184 1570 257 535

104 293 176 333 καί
201 291 450 346 ἐπαγόμενοι
479 290 580 342 τούς
612 291 829 349 Τούρκους
869 295 1082 347 ἐληίζοντο
1110 293 1187 347 τὴν
1215 292 1439 346 Ἰλλυριῶν
1468 285 1576 342 ὅμο-

104 371 180 410 ρον
216 357 380 411 χώραν.
458 357 531 400 καί
567 357 670 414 πρὸς
708 357 807 407 τούς
848 356 1113 412 Τριβαλλούς
1137 357 1393 410 ἐπολέμουν,
1435 356 1508 397 καί
1552 354 1575 394 ὅ

103 424 186 465 τῶν
220 425 467 478 Τριβαλλῶν
507 423 676 479 ἡγεμών
704 423 1083 479 ἐκοτρατευόμενος
1122 424 1359 478 ἐπολιόρκει
1388 421 1463 472 τὰς
1505 420 1578 462 πό-

105 493 213 545 λεις,
249 489 353 543 μετὰ
398 491 444 532 δὲ
473 493 609 534 ταῦτα
649 491 927 544 σπεισάμενος
967 489 1138 546 εἰρήνην
1175 488 1292 546 ἄγειν
1323 493 1365 539 ἐς
1390 488 1576 538 τούτους.

71 554 183 598 5καί
205 555 427 612 Σανδάλης
455 558 534 610 μὲν
563 555 727 606 τούτοις
758 557 831 599 καί
856 557 1054 612 πρότερον
1082 559 1292 611 ἐπολέμει,
1325 558 1399 598 καί
1421 555 1616 611 &anyti-C

103 637 229 676 μενος
267 622 454 678 στρατὸν
497 626 576 665 τοῦ
618 625 828 677 βασιλέως
869 625 1056 679 ἐληίζετο
1091 623 1168 678 τὴν
1209 625 1356 678 χώραν
1395 623 1577 666 ἐκείνων.

106 683 218 730 ὥστε
244 689 368 741 μόνοι
399 687 450 745 δὴ
472 685 591 732 οὗτοι
610 685 807 744 ἀλλήλοις
828 691 1036 746 φέροντες,
1067 693 1142 731 καί
1167 689 1419 744 ἐπαγόμενοι
1449 706 1576 743 στρα-

105 753 178 798 τὸν
206 753 398 810 ἐπήλυδα
426 757 502 798 τοῦ
529 757 750 810 βασιλέως,
790 755 984 810 μεγάλως
1011 754 1062 811 δή
1094 754 1300 810 ἔβλαπτον
1331 755 1475 796 αὐτῶν
1505 754 1579 808 την

105 819 267 877 χώραν,
300 821 583 876 ἀνδραπόδων
626 821 686 871 ὥς
722 824 929 864 πλείστων
969 822 1049 863 ὑπὸ
1082 823 1162 865 τῶν
1193 824 1387 877 στρατῶν
1419 821 1580 875 ἀπαγο·

52 896 96 932 10
107 890 245 942 μένων
272 884 481 941 ἑκάστοτε,
511 886 586 929 καὶ
620 891 904 945 φθειρομένης
945 891 1019 943 τῆς
1048 887 1194 943 χώρας
1224 891 1267 938 ἐς
1293 887 1345 930 τὰ
1377 887 1580 942 μάλιστα.

107 952 198 997 τότε
222 955 303 1007 μὲν
333 947 410 995 οὖν
436 957 509 996 καί
535 952 556 995 ὅ
586 953 786 1010 Ἰσαάκης
814 957 888 996 καί
923 952 943 995 ὅ
977 957 1156 1004 Παῦλος
1184 957 1437 1008 συνθέμενοι
1467 970 1581 1007 συμ-

105 1020 269 1074 μαχίαν
313 1020 372 1078 τῷ
393 1016 624 1075 Ἰλλυριῶν
658 1023 834 1074 βασιλεῖ
842 1053 854 1075 ,
885 1022 1120 1064 διενοοῦντο
1147 1020 1222 1064 καί
1249 1017 1374 1062 αὐτοί
1401 1018 1580 1073 πόλεμον

107 1088 334 1129 ἀνελέσθαι
357 1087 414 1144 τῷ
442 1089 625 1143 βασιλεῖ,
657 1083 708 1143 ἦν
729 1104 766 1130 τι
795 1087 878 1130 α’πό
911 1085 1118 1131 Παιόνων
1141 1088 1450 1144 καταλαμβάνῃ
1482 1088 1580 1139 τοὺς

113 1153 340 1208 Τούρκους.

51 1231 96 1266 15
219 1217 435 1268 Βασιλεὺς
465 1219 512 1260 δὲ
540 1217 598 1268 ὥς
629 1213 802 1274 ἤλαυνε,
830 1220 950 1275 διέβη
979 1220 1058 1272 μὲν
1086 1218 1159 1261 τὸν
1188 1221 1424 1277 Λοδοβίκην
1453 1236 1583 1262 ποτα·-

105 1283 197 1340 μὸν,
217 1282 262 1334 ὃς
278 1284 354 1340 τήν
365 1301 409 1327 τε
431 1287 679 1340 Τριβαλλῶν
696 1287 771 1327 καί
795 1285 1018 1339 Ἰλλυριῶν
1032 1284 1184 1341 χώραν
1207 1288 1396 1342 διείργει,
1428 1286 1627 1341 δίαβάςι)

108 1353 157 1395 δὲ
185 1350 258 1393 ἐπὶ
292 1349 505 1405 Ἰλλυριὸν
534 1350 728 1404 ποταμόν
760 1354 1018 1405 ναυσίπορον
1046 1347 1144 1394 ὅντα
1174 1353 1308 1408 διέβη.
1339 1353 1360 1394 ὁ
1393 1355 1440 1396 δὲ
1459 1352 1582 1406 πεζὸς

107 1416 290 1475 στρατὸς
318 1420 482 1472 ναυσίν,
511 1417 564 1468 ὃς
593 1419 727 1460 αὐτοῦ
754 1421 1066 1473 ναυπηγεῖσθαι
1101 1419 1278 1463 ἐκέλευε.
1308 1419 1409 1470 τούς
1435 1421 1482 1462 δὲ
1513 1419 1583 1462 ἴπ-

107 1501 214 1535 πους
243 1485 407 1541 α’φῆκεν
434 1483 478 1534 ἐς
498 1484 569 1528 τὸν
600 1483 805 1538 ποταμόν,
834 1485 1035 1539 διαβῆναι
1064 1483 1116 1526 τὰ
1144 1480 1459 1540 στρατεύματα.
1490 1488 1586 1542 ἐγέ-

49 1562 95 1598 20
111 1567 201 1595 νετο
229 1553 277 1594 δὲ
318 1549 338 1594 ὃ
372 1550 554 1606 στρατὸς
592 1545 717 1599 οὗτος
744 1552 822 1592 τοῦ
849 1554 1060 1604 βασιλέως
1097 1553 1141 1601 ἐς
1171 1554 1470 1594 πεντεκαίδεκα
1501 1569 1586 1603 μυ-

110 1618 263 1676 ριάδας
288 1616 465 1661 ἱππέων.
521 1617 543 1659 ὁ
572 1615 653 1672 γὰρ
682 1616 732 1672 δὴ
767 1617 941 1673 στράτος
969 1612 1087 1667 οὗτος
1117 1617 1223 1673 πλὴν
1253 1620 1338 1661 τῶν
1367 1620 1585 1675 νεηλύδων

110 1687 186 1727 καί
215 1685 460 1739 α’ζαπίδων,
504 1685 550 1727 οΐ
582 1685 703 1741 αύτῷ
739 1686 1046 1738 παραγίνονται
1078 1686 1123 1733 ἐς
1149 1682 1220 1727 τὸν
1251 1685 1436 1739 πόλεμον
1467 1686 1589 1738 πεζοί

110 1746 241 1807 ὅντες,
270 1753 343 1792 καί
373 1746 464 1792 ὅσοι
495 1750 764 1805 ὑπουργῆσαι
793 1751 910 1807 αὐτῷ
937 1748 990 1791 τὰ
1009 1750 1051 1800 ἐς
1068 1751 1221 1805 χρείαν
1239 1755 1393 1807 παρείη
1412 1754 1586 1808 α’χρεῖος

110 1813 282 1874 ὅμιλος,
323 1814 346 1858 ὅ
377 1815 522 1866 λοιπὸς
557 1818 635 1859 τοῦ
663 1819 875 1870 βασιλέως
903 1814 1083 1873 στρατός
1110 1815 1301 1871 ἱππεύει,
1328 1817 1514 1871 μάλιστα
1545 1821 1586 1862 δ’

207 1925 242 1962 7.
267 1925 474 1970 dumus?
560 1907 563 1910 “
588 1922 647 1960 24.
675 1919 745 1967 θὴρ

111 2017 179 2052 hos
203 2021 371 2062 suscepto
397 2014 504 2049 urbes
530 2026 653 2048 eorum
668 2013 877 2056 obsidebat,
902 2019 939 2048 et
964 2013 1112 2048 foedera
1139 2026 1220 2048 cum
1244 2014 1289 2048 iis
1314 2026 1474 2060 pangens
1502 2019 1585 2048 tan-

112 2065 195 2100 dem
223 2076 261 2098 se
289 2069 455 2110 pacatum
485 2062 694 2096 exhibebat.
752 2062 862 2095 etiam
886 2061 1060 2095 Sandales
1086 2062 1152 2096 hos
1180 2067 1288 2095 antea
1313 2062 1412 2096 bello
1439 2063 1583 2109 appeti-

110 2118 222 2154 verat,
250 2118 288 2146 et
320 2111 433 2144 accito
464 2111 553 2155 regis
578 2110 737 2144 exercitu
775 2110 932 2155 ipsorum
969 2121 1071 2153 agros
1101 2109 1301 2142 evastabat.
1353 2122 1432 2143 cum
1462 2115 1583 2143 autem

109 2160 148 2194 hi
173 2159 241 2194 soli
261 2159 448 2204 perpetuis
473 2157 569 2190 inter
592 2168 629 2190 se
656 2155 874 2190 dissiderent
903 2156 996 2190 odiis
1014 2162 1051 2190 et
1074 2157 1163 2201 regis
1189 2157 1399 2202 peregrinos
1423 2168 1583 2190 accerse-

111 2214 204 2249 rent,
227 2206 394 2252 propriae
422 2204 557 2249 regioni
586 2205 781 2250 plurimum
808 2204 1020 2237 calamitatis
1059 2203 1285 2238 invexerunt.
1335 2216 1416 2239 uam
1445 2205 1583 2238 manci-

110 2255 171 2302 pia
195 2255 350 2301 plurima
378 2252 469 2286 belli
495 2252 574 2284 iure
589 2251 744 2285 subinde
764 2262 782 2283 a
807 2251 984 2284 militibus
1004 2251 1241 2296 capiebantur
1267 2257 1303 2285 et
1332 2251 1584 2297 deportaban-

111 2308 181 2338 tur.
228 2305 415 2347 praeterea
443 2311 484 2332 ea
512 2300 609 2343 regio
648 2300 706 2333 vel
744 2300 931 2332 maximam
959 2299 1217 2343 experiebatur
1242 2301 1492 2332 vastationem.
1522 2310 1583 2332 ea..

112 2351 191 2384 dem
218 2353 433 2394 tempestate
459 2346 600 2380 lsaacus
635 2352 672 2380 et
694 2347 822 2380 Paulus
863 2347 1070 2379 societatem
1100 2346 1273 2379 facientes
1299 2347 1475 2379 auxilium
1500 2346 1583 2392 pol-

111 2397 318 2431 licebantur
343 2395 546 2438 lllyriorum
574 2395 662 2437 regi.
712 2391 1132 2427 namconstituerant'et
1157 2393 1226 2438 ipsi
1257 2393 1392 2427 bellum
1423 2392 1583 2427 indicere

113 2445 199 2489 regi,
225 2444 255 2476 si
281 2443 470 2476 Pannones
494 2441 636 2487 aliquid
662 2442 747 2474 novi
770 2447 893 2474 contra
916 2441 1053 2474 'rm-cos
1079 2441 1304 2473 molirentur.

209 2493 278 2524 Rex
307 2490 344 2522 in
371 2489 539 2522 militiam
570 2489 754 2534 profectus
786 2488 931 2522 traiecit
962 2487 1188 2530 Dorobyzam
1216 2488 1396 2532 (Di-inam)
1424 2487 1583 2530 fluvium,

113 2538 178 2584 qui
192 2537 378 2571 Triballos
406 2542 442 2569 et
466 2536 608 2580 Illyrios
634 2536 779 2570 dirimit.
808 2546 1016 2581 progressus
1038 2534 1171 2568 deinde
1196 2535 1296 2568 venit
1322 2534 1367 2567 ad
1384 2534 1582 2579 lllyrissum

115 2585 330 2632 (Crajevam)
353 2583 500 2617 fluvium
517 2583 769 2627 navigabilem,
790 2594 897 2628 quem
916 2581 1267 2628 superavitpedestri
1289 2582 1448 2615 exercitu
1464 2586 1583 2615 trans-

117 2638 224 2666 uecto
243 2630 418 2671 navibus,
445 2642 534 2676 quas
558 2630 693 2664 ibidem
711 2630 875 2663 fabricari
892 2631 1056 2663 iusserat.
1084 2640 1199 2674 equos
1225 2634 1344 2663 autem
1370 2629 1407 2662 in
1435 2629 1583 2663 flumine

118 2680 280 2725 reliquit,
305 2677 422 2711 donec
445 2678 568 2722 copias
595 2683 866 2723 transportaret·
918 2683 993 2710 tum
1015 2676 1186 2721 temporis
1211 2677 1248 2709 in
1276 2678 1382 2710 annis
1410 2675 1582 2710 habuisse

119 2727 279 2760 creditur
305 2737 366 2759 rex
394 2725 807 2770 quindecimanyriades
834 2726 1008 2770 equitum,
1035 2728 1180 2769 praeter
1204 2725 1413 2768 peregrinos
1439 2729 1476 2757 et
1500 2734 1581 2758 aza-

119 2775 224 2822 pides
247 2773 415 2820 pedestre
443 2772 563 2814 robur,
592 2773 654 2818 qui
681 2783 762 2806 eum
790 2773 828 2806 in
852 2771 890 2805 id
922 2771 1060 2805 bellum
1086 2770 1343 2817 sequebantur.
1394 2771 1519 2806 aderat
1547 2776 1583 2805 et
