<?xml version="1.0" encoding="UTF-8"?>
<!DOCTYPE html PUBLIC "-//W3C//DTD XHTML 1.0 Transitional//EN"
    "http://www.w3.org/TR/xhtml1/DTD/xhtml1-transitional.dtd">
<html xmlns="http://www.w3.org/1999/xhtml" xml:lang="en" lang="en">
 <head>
  <title>
</title>
<meta http-equiv="Content-Type" content="text/html;charset=utf-8" />
  <meta name='ocr-system' content='tesseract 3.04.00' />
  <meta name='ocr-capabilities' content='ocr_page ocr_carea ocr_par ocr_line ocrx_word'/>
</head>
<body>
  <div class='ocr_page' id='page_1' title='image "./corpusscriptorum32niebuoft_0154.png"; bbox 0 0 1800 3172; ppageno 0'>
   <div class='ocr_carea' id='block_1_1' title="bbox 289 191 1380 242">
    <p class='ocr_par' dir='ltr' id='par_1_1' title="bbox 289 191 1380 242">
     <span class='ocr_line' id='line_1_1' title="bbox 289 191 1380 242; baseline 0 -2"><span class='ocrx_word' id='word_1_1' title='bbox 289 191 380 240; x_wconf 71' lang='lat'><strong>142</strong></span> <span class='ocrx_word' id='word_1_2' title='bbox 611 199 831 241; x_wconf 77' lang='lat' dir='ltr'><strong>LAoNJci</strong></span> <span class='ocrx_word' id='word_1_3' title='bbox 872 199 1380 242; x_wconf 75' lang='lat' dir='ltr'>CHALCOCONDYLAE</span> 
     </span>
    </p>
   </div>
   <div class='ocr_carea' id='block_1_2' title="bbox 247 294 1779 1766">
    <p class='ocr_par' dir='ltr' id='par_1_2' title="bbox 247 294 1778 997">
     <span class='ocr_line' id='line_1_2' title="bbox 247 294 1717 352; baseline 0.003 -18"><span class='ocrx_word' id='word_1_4' title='bbox 247 297 428 351; x_wconf 84' lang='grc' dir='ltr'><em>Βχώραν</em></span> <span class='ocrx_word' id='word_1_5' title='bbox 466 294 658 349; x_wconf 70' lang='grc' dir='ltr'><em>ἀρδεύειν</em></span> <span class='ocrx_word' id='word_1_6' title='bbox 695 296 932 350; x_wconf 76' lang='grc' dir='ltr'><em>ἐπιτηδείως</em></span> <span class='ocrx_word' id='word_1_7' title='bbox 969 297 1091 349; x_wconf 82' lang='grc' dir='ltr'><em>ἔχειν.</em></span> <span class='ocrx_word' id='word_1_8' title='bbox 1161 297 1317 338; x_wconf 77' lang='grc' dir='ltr'>οἰκοῦσι</span> <span class='ocrx_word' id='word_1_9' title='bbox 1361 298 1407 338; x_wconf 81' lang='grc' dir='ltr'><strong>δὲ</strong></span> <span class='ocrx_word' id='word_1_10' title='bbox 1448 294 1602 350; x_wconf 78' lang='grc' dir='ltr'><em>ταύτην</em></span> <span class='ocrx_word' id='word_1_11' title='bbox 1645 298 1717 352; x_wconf 74' lang='grc' dir='ltr'><strong>τήν</strong></span> 
     </span>
     <span class='ocr_line' id='line_1_3' title="bbox 284 359 1720 415; baseline 0 -14"><span class='ocrx_word' id='word_1_12' title='bbox 284 361 430 414; x_wconf 81' lang='grc' dir='ltr'><em>χώραν</em></span> <span class='ocrx_word' id='word_1_13' title='bbox 472 362 771 413; x_wconf 71' lang='grc' dir='ltr'><em>ΙΙἸονοθελῆται</em></span> <span class='ocrx_word' id='word_1_14' title='bbox 810 362 881 401; x_wconf 78' lang='grc' dir='ltr'><strong>καί</strong></span> <span class='ocrx_word' id='word_1_15' title='bbox 905 362 1158 414; x_wconf 80' lang='grc' dir='ltr'><em>Ἰακωβῖται,</em></span> <span class='ocrx_word' id='word_1_16' title='bbox 1186 359 1288 415; x_wconf 78' lang='grc' dir='ltr'><em>ἔθνη</em></span> <span class='ocrx_word' id='word_1_17' title='bbox 1314 375 1357 402; x_wconf 86' lang='grc' dir='ltr'><em>τε</em></span> <span class='ocrx_word' id='word_1_18' title='bbox 1385 360 1460 401; x_wconf 73' lang='grc' dir='ltr'><strong>οὔκ</strong></span> <span class='ocrx_word' id='word_1_19' title='bbox 1488 360 1620 415; x_wconf 75' lang='grc' dir='ltr'><em>ὀλίγα,</em></span> <span class='ocrx_word' id='word_1_20' title='bbox 1648 363 1720 402; x_wconf 73' lang='grc' dir='ltr'><strong>καί</strong></span> 
     </span>
     <span class='ocr_line' id='line_1_4' title="bbox 285 423 1721 478; baseline 0 -12"><span class='ocrx_word' id='word_1_21' title='bbox 285 427 367 466; x_wconf 78' lang='grc' dir='ltr'><strong>τῶν</strong></span> <span class='ocrx_word' id='word_1_22' title='bbox 394 427 436 473; x_wconf 81' lang='grc' dir='ltr'><strong>ἐς</strong></span> <span class='ocrx_word' id='word_1_23' title='bbox 464 423 537 478; x_wconf 74' lang='grc' dir='ltr'><strong>τήν</strong></span> <span class='ocrx_word' id='word_1_24' title='bbox 563 426 638 465; x_wconf 82' lang='grc' dir='ltr'><strong>τοῦ</strong></span> <span class='ocrx_word' id='word_1_25' title='bbox 662 425 802 478; x_wconf 81' lang='grc' dir='ltr'><em>Ἰησοῦ</em></span> <span class='ocrx_word' id='word_1_26' title='bbox 828 427 903 465; x_wconf 86' lang='grc' dir='ltr'><strong>τοῦ</strong></span> <span class='ocrx_word' id='word_1_27' title='bbox 930 428 1032 465; x_wconf 82' lang='grc' dir='ltr'><em>θεοῦ</em></span> <span class='ocrx_word' id='word_1_28' title='bbox 1069 427 1297 478; x_wconf 77' lang='grc' dir='ltr'><strong><em>θρησκείαν</em></strong></span> <span class='ocrx_word' id='word_1_29' title='bbox 1324 425 1549 466; x_wconf 75' lang='grc' dir='ltr'><em>τελούντων</em></span> <span class='ocrx_word' id='word_1_30' title='bbox 1577 441 1622 466; x_wconf 84' lang='grc' dir='ltr'><em>τε</em></span> <span class='ocrx_word' id='word_1_31' title='bbox 1650 428 1721 467; x_wconf 77' lang='grc' dir='ltr'><strong>καί</strong></span> 
     </span>
     <span class='ocr_line' id='line_1_5' title="bbox 287 483 1718 544; baseline 0.001 -16"><span class='ocrx_word' id='word_1_32' title='bbox 287 488 556 543; x_wconf 73' lang='grc' dir='ltr'><em>φρονούντων</em></span> <span class='ocrx_word' id='word_1_33' title='bbox 601 483 736 529; x_wconf 69' lang='grc' dir='ltr'><em>ἄλλων</em></span> <span class='ocrx_word' id='word_1_34' title='bbox 772 485 903 544; x_wconf 73' lang='grc' dir='ltr'><em>ἄλλῃ,</em></span> <span class='ocrx_word' id='word_1_35' title='bbox 933 484 1024 530; x_wconf 65' lang='grc' dir='ltr'><em>οὔτε</em></span> <span class='ocrx_word' id='word_1_36' title='bbox 1065 488 1166 530; x_wconf 74' lang='grc' dir='ltr'><em>κατὰ</em></span> <span class='ocrx_word' id='word_1_37' title='bbox 1217 487 1313 538; x_wconf 73' lang='grc' dir='ltr'><strong>τούς</strong></span> <span class='ocrx_word' id='word_1_38' title='bbox 1344 489 1578 542; x_wconf 72' lang='grc' dir='ltr'><strong>ζΡωμοιίους</strong></span> <span class='ocrx_word' id='word_1_39' title='bbox 1625 484 1718 530; x_wconf 68' lang='grc' dir='ltr'><em>οὔτε</em></span> 
     </span>
     <span class='ocr_line' id='line_1_6' title="bbox 287 551 1751 608; baseline 0.001 -15"><span class='ocrx_word' id='word_1_40' title='bbox 287 551 391 594; x_wconf 73' lang='grc' dir='ltr'><em>κατὰ</em></span> <span class='ocrx_word' id='word_1_41' title='bbox 437 552 486 595; x_wconf 80' lang='grc' dir='ltr'><em>τοὶ</em></span> <span class='ocrx_word' id='word_1_42' title='bbox 522 551 687 607; x_wconf 81' lang='grc' dir='ltr'><em>Ἕλλησι</em></span> <span class='ocrx_word' id='word_1_43' title='bbox 728 554 954 605; x_wconf 75' lang='grc' dir='ltr'><em>δεδογμένα</em></span> <span class='ocrx_word' id='word_1_44' title='bbox 997 555 1037 600; x_wconf 82' lang='grc' dir='ltr'><strong>ἐς</strong></span> <span class='ocrx_word' id='word_1_45' title='bbox 1074 554 1147 606; x_wconf 70' lang='grc' dir='ltr'><strong>τήν</strong></span> <span class='ocrx_word' id='word_1_46' title='bbox 1177 555 1404 607; x_wconf 75' lang='grc' dir='ltr'><em>θρησκείαν</em></span> <span class='ocrx_word' id='word_1_47' title='bbox 1441 556 1751 608; x_wconf 52' lang='lat' dir='ltr'><strong>‹lineamina-5</strong></span> 
     </span>
     <span class='ocr_line' id='line_1_7' title="bbox 289 615 1717 671; baseline 0.001 -13"><span class='ocrx_word' id='word_1_48' title='bbox 289 617 381 658; x_wconf 72' lang='grc' dir='ltr'><em>ἀλλ’</em></span> <span class='ocrx_word' id='word_1_49' title='bbox 413 615 503 658; x_wconf 79' lang='grc' dir='ltr'><em>ὅσοι</em></span> <span class='ocrx_word' id='word_1_50' title='bbox 533 620 610 669; x_wconf 83' lang='grc' dir='ltr'><strong>μέν</strong></span> <span class='ocrx_word' id='word_1_51' title='bbox 636 619 740 659; x_wconf 86' lang='grc' dir='ltr'><em>εἰσιν</em></span> <span class='ocrx_word' id='word_1_52' title='bbox 779 616 990 670; x_wconf 80' lang='grc' dir='ltr'><em>Ἀρμένιοι</em></span> <span class='ocrx_word' id='word_1_53' title='bbox 1018 623 1201 659; x_wconf 83' lang='grc' dir='ltr'><em>πλεῖστοι</em></span> <span class='ocrx_word' id='word_1_54' title='bbox 1235 617 1312 658; x_wconf 68' lang='lat' dir='ltr'><strong>«lvd</strong></span> <span class='ocrx_word' id='word_1_55' title='bbox 1345 617 1420 671; x_wconf 78' lang='grc' dir='ltr'><strong>τήν</strong></span> <span class='ocrx_word' id='word_1_56' title='bbox 1445 618 1591 671; x_wconf 78' lang='grc' dir='ltr'><em>χώραν</em></span> <span class='ocrx_word' id='word_1_57' title='bbox 1617 617 1717 660; x_wconf 77' lang='grc' dir='ltr'><em>ταύ-</em></span> 
     </span>
     <span class='ocr_line' id='line_1_8' title="bbox 289 680 1718 736; baseline -0.003 -11"><span class='ocrx_word' id='word_1_58' title='bbox 289 699 378 736; x_wconf 86' lang='grc' dir='ltr'><em>την,</em></span> <span class='ocrx_word' id='word_1_59' title='bbox 409 681 703 735; x_wconf 83' lang='grc' dir='ltr'><em>Μονοθελῆται</em></span> <span class='ocrx_word' id='word_1_60' title='bbox 731 680 781 734; x_wconf 75' lang='grc' dir='ltr'><strong>δη</strong></span> <span class='ocrx_word' id='word_1_61' title='bbox 812 681 882 722; x_wconf 80' lang='grc' dir='ltr'>καί</span> <span class='ocrx_word' id='word_1_62' title='bbox 909 683 1135 734; x_wconf 83' lang='grc' dir='ltr'><em>’[ακωβῖται</em></span> <span class='ocrx_word' id='word_1_63' title='bbox 1164 681 1236 723; x_wconf 75' lang='grc' dir='ltr'><strong>καί</strong></span> <span class='ocrx_word' id='word_1_64' title='bbox 1262 685 1499 736; x_wconf 85' lang='grc' dir='ltr'><em>Μανιχαΐοι</em></span> <span class='ocrx_word' id='word_1_65' title='bbox 1530 681 1718 735; x_wconf 80' lang='grc' dir='ltr'><em>πάμπολ-</em></span> 
     </span>
     <span class='ocr_line' id='line_1_9' title="bbox 290 745 1718 800; baseline -0.001 -13"><span class='ocrx_word' id='word_1_66' title='bbox 290 750 366 787; x_wconf 92' lang='grc' dir='ltr'><em>λοι.</em></span> <span class='ocrx_word' id='word_1_67' title='bbox 423 745 554 799; x_wconf 65' lang='grc' dir='ltr'><em>διήκει</em></span> <span class='ocrx_word' id='word_1_68' title='bbox 583 748 629 787; x_wconf 84' lang='grc' dir='ltr'><strong>δὲ</strong></span> <span class='ocrx_word' id='word_1_69' title='bbox 657 746 680 799; x_wconf 84' lang='grc' dir='ltr'><em>ἦ</em></span> <span class='ocrx_word' id='word_1_70' title='bbox 705 746 826 798; x_wconf 83' lang='grc' dir='ltr'><em>χώρα</em></span> <span class='ocrx_word' id='word_1_71' title='bbox 855 748 929 785; x_wconf 83' lang='grc' dir='ltr'><strong>τοῦ</strong></span> <span class='ocrx_word' id='word_1_72' title='bbox 963 748 1034 798; x_wconf 76' lang='grc' dir='ltr'><strong>τῆς</strong></span> <span class='ocrx_word' id='word_1_73' title='bbox 1065 748 1267 800; x_wconf 81' lang='grc' dir='ltr'><em>Μέμφιος</em></span> <span class='ocrx_word' id='word_1_74' title='bbox 1295 749 1499 798; x_wconf 84' lang='grc' dir='ltr'><em>βασιλέως</em></span> <span class='ocrx_word' id='word_1_75' title='bbox 1523 747 1605 788; x_wconf 83' lang='grc' dir='ltr'><strong>α’πὸ</strong></span> <span class='ocrx_word' id='word_1_76' title='bbox 1634 752 1718 790; x_wconf 89' lang='grc' dir='ltr'><strong>Λι-</strong></span> 
     </span>
     <span class='ocr_line' id='line_1_10' title="bbox 289 806 1717 865; baseline 0.001 -13"><span class='ocrx_word' id='word_1_77' title='bbox 289 812 393 865; x_wconf 79' lang='grc' dir='ltr'><em>βύης</em></span> <span class='ocrx_word' id='word_1_78' title='bbox 422 809 512 852; x_wconf 80' lang='grc' dir='ltr'><em>ἔστε</em></span> <span class='ocrx_word' id='word_1_79' title='bbox 535 809 650 851; x_wconf 84' lang='grc' dir='ltr'><em>πόλιν</em></span> <span class='ocrx_word' id='word_1_80' title='bbox 669 812 886 863; x_wconf 83' lang='grc' dir='ltr'><em>Χαλεπίην</em></span> <span class='ocrx_word' id='word_1_81' title='bbox 914 806 1020 850; x_wconf 72' lang='grc' dir='ltr'><em>οὕτω</em></span> <span class='ocrx_word' id='word_1_82' title='bbox 1041 813 1295 864; x_wconf 79' lang='grc' dir='ltr'><em>καλουμένην</em></span> <span class='ocrx_word' id='word_1_83' title='bbox 1323 810 1426 852; x_wconf 75' lang='grc' dir='ltr'><em>κατὰ</em></span> <span class='ocrx_word' id='word_1_84' title='bbox 1457 811 1534 865; x_wconf 71' lang='grc' dir='ltr'><strong>την</strong></span> <span class='ocrx_word' id='word_1_85' title='bbox 1559 814 1717 855; x_wconf 85' lang='grc' dir='ltr'><em>Ἀσίαν·</em></span> 
     </span>
     <span class='ocr_line' id='line_1_11' title="bbox 291 869 1778 933; baseline 0.001 -17"><span class='ocrx_word' id='word_1_86' title='bbox 291 877 503 927; x_wconf 85' lang='grc' dir='ltr'><em>νομίζεται</em></span> <span class='ocrx_word' id='word_1_87' title='bbox 534 877 572 915; x_wconf 83' lang='grc' dir='ltr'><strong>δ’</strong></span> <span class='ocrx_word' id='word_1_88' title='bbox 601 869 722 922; x_wconf 68' lang='grc' dir='ltr'><em>οὗτος</em></span> <span class='ocrx_word' id='word_1_89' title='bbox 748 873 769 914; x_wconf 79' lang='grc' dir='ltr'>ὅ</span> <span class='ocrx_word' id='word_1_90' title='bbox 793 873 991 925; x_wconf 76' lang='grc' dir='ltr'><em>βασιλεύς</em></span> <span class='ocrx_word' id='word_1_91' title='bbox 1021 872 1102 914; x_wconf 72' lang='grc' dir='ltr'><strong>ὑπό</strong></span> <span class='ocrx_word' id='word_1_92' title='bbox 1120 890 1164 915; x_wconf 87' lang='grc' dir='ltr'><em>τε</em></span> <span class='ocrx_word' id='word_1_93' title='bbox 1193 877 1273 916; x_wconf 78' lang='grc' dir='ltr'><strong>τῶν</strong></span> <span class='ocrx_word' id='word_1_94' title='bbox 1297 877 1340 916; x_wconf 80' lang='grc' dir='ltr'><strong>ἐν</strong></span> <span class='ocrx_word' id='word_1_95' title='bbox 1367 877 1418 931; x_wconf 82' lang='grc' dir='ltr'><em>τῇ</em></span> <span class='ocrx_word' id='word_1_96' title='bbox 1441 876 1560 933; x_wconf 78' lang='grc' dir='ltr'><em>Ἀσίᾳ</em></span> <span class='ocrx_word' id='word_1_97' title='bbox 1589 879 1720 918; x_wconf 74' lang='grc' dir='ltr'><em>ἐθνῶν</em></span> <span class='ocrx_word' id='word_1_98' title='bbox 1735 881 1778 914; x_wconf 88' lang='grc'><strong>10</strong></span> 
     </span>
     <span class='ocr_line' id='line_1_12' title="bbox 289 937 1720 997; baseline 0.001 -17"><span class='ocrx_word' id='word_1_99' title='bbox 289 942 362 981; x_wconf 82' lang='grc' dir='ltr'>καί</span> <span class='ocrx_word' id='word_1_100' title='bbox 387 939 466 980; x_wconf 82' lang='grc' dir='ltr'><strong>ὑπὸ</strong></span> <span class='ocrx_word' id='word_1_101' title='bbox 497 941 579 979; x_wconf 74' lang='grc' dir='ltr'><em>ταῖν</em></span> <span class='ocrx_word' id='word_1_102' title='bbox 606 941 676 992; x_wconf 78' lang='grc' dir='ltr'><em>τῆς</em></span> <span class='ocrx_word' id='word_1_103' title='bbox 706 938 874 991; x_wconf 77' lang='grc' dir='ltr'><em>Λιβύης</em></span> <span class='ocrx_word' id='word_1_104' title='bbox 902 939 972 979; x_wconf 78' lang='grc' dir='ltr'><strong>καί</strong></span> <span class='ocrx_word' id='word_1_105' title='bbox 998 937 1049 991; x_wconf 76' lang='grc' dir='ltr'><em>δὴ</em></span> <span class='ocrx_word' id='word_1_106' title='bbox 1080 941 1150 979; x_wconf 76' lang='grc' dir='ltr'><strong>καί</strong></span> <span class='ocrx_word' id='word_1_107' title='bbox 1178 937 1258 979; x_wconf 78' lang='grc' dir='ltr'><strong>ὑπὸ</strong></span> <span class='ocrx_word' id='word_1_108' title='bbox 1285 941 1367 980; x_wconf 76' lang='grc' dir='ltr'><strong>τῶν</strong></span> <span class='ocrx_word' id='word_1_109' title='bbox 1391 941 1436 980; x_wconf 82' lang='grc' dir='ltr'><strong>ἐν</strong></span> <span class='ocrx_word' id='word_1_110' title='bbox 1463 942 1512 996; x_wconf 79' lang='grc' dir='ltr'><em>τῇ</em></span> <span class='ocrx_word' id='word_1_111' title='bbox 1540 940 1720 997; x_wconf 72' lang='grc' dir='ltr'><em>Εὐρώπῃ</em></span> 
     </span>
    </p>

    <p class='ocr_par' dir='ltr' id='par_1_3' title="bbox 250 1002 1779 1766">
     <span class='ocr_line' id='line_1_13' title="bbox 250 1002 1722 1059; baseline -0.003 -13"><span class='ocrx_word' id='word_1_112' title='bbox 250 1004 511 1059; x_wconf 69' lang='grc' dir='ltr'><em>(ζᾶρχιερεύς</em></span> <span class='ocrx_word' id='word_1_113' title='bbox 540 1019 582 1044; x_wconf 86' lang='grc' dir='ltr'><em>τε</em></span> <span class='ocrx_word' id='word_1_114' title='bbox 614 1003 665 1044; x_wconf 83' lang='grc' dir='ltr'><em>τὰ</em></span> <span class='ocrx_word' id='word_1_115' title='bbox 692 1006 734 1051; x_wconf 81' lang='grc' dir='ltr'><strong>ἐς</strong></span> <span class='ocrx_word' id='word_1_116' title='bbox 760 1002 832 1055; x_wconf 75' lang='grc' dir='ltr'><strong>τὴν</strong></span> <span class='ocrx_word' id='word_1_117' title='bbox 856 1003 1081 1056; x_wconf 73' lang='grc' dir='ltr'><em>θρησκείαν</em></span> <span class='ocrx_word' id='word_1_118' title='bbox 1117 1005 1254 1044; x_wconf 59' lang='grc' dir='ltr'><em>αὐτῶν</em></span> <span class='ocrx_word' id='word_1_119' title='bbox 1282 1005 1353 1044; x_wconf 85' lang='grc' dir='ltr'>καί</span> <span class='ocrx_word' id='word_1_120' title='bbox 1377 1003 1426 1045; x_wconf 81' lang='grc' dir='ltr'><em>τοὶ</em></span> <span class='ocrx_word' id='word_1_121' title='bbox 1458 1007 1500 1052; x_wconf 81' lang='grc' dir='ltr'><strong>ἐς</strong></span> <span class='ocrx_word' id='word_1_122' title='bbox 1524 1004 1620 1053; x_wconf 77' lang='grc' dir='ltr'><strong>τούς</strong></span> <span class='ocrx_word' id='word_1_123' title='bbox 1650 1005 1722 1045; x_wconf 86' lang='grc' dir='ltr'><em>νό..</em></span> 
     </span>
     <span class='ocr_line' id='line_1_14' title="bbox 288 1066 1723 1124; baseline 0.001 -15"><span class='ocrx_word' id='word_1_124' title='bbox 288 1084 394 1120; x_wconf 87' lang='grc' dir='ltr'><em>μους</em></span> <span class='ocrx_word' id='word_1_125' title='bbox 422 1070 494 1109; x_wconf 82' lang='grc' dir='ltr'><strong>τοῦ</strong></span> <span class='ocrx_word' id='word_1_126' title='bbox 523 1069 784 1120; x_wconf 82' lang='grc' dir='ltr'><em>Μεχμέτεω,</em></span> <span class='ocrx_word' id='word_1_127' title='bbox 812 1066 1064 1119; x_wconf 79' lang='grc' dir='ltr'><em>παμπόλλων</em></span> <span class='ocrx_word' id='word_1_128' title='bbox 1102 1069 1236 1108; x_wconf 69' lang='grc' dir='ltr'><em>αι’τοῦ</em></span> <span class='ocrx_word' id='word_1_129' title='bbox 1261 1066 1390 1124; x_wconf 75' lang='grc' dir='ltr'><em>ταύτῃ</em></span> <span class='ocrx_word' id='word_1_130' title='bbox 1418 1070 1723 1121; x_wconf 82' lang='grc' dir='ltr'><em>διδασκομένων</em></span> 
     </span>
     <span class='ocr_line' id='line_1_15' title="bbox 289 1129 1722 1208; baseline 0 -34"><span class='ocrx_word' id='word_1_131' title='bbox 289 1133 385 1182; x_wconf 75' lang='grc' dir='ltr'><em>τοὺς</em></span> <span class='ocrx_word' id='word_1_132' title='bbox 426 1135 498 1186; x_wconf 77' lang='grc' dir='ltr'><em>τῆς</em></span> <span class='ocrx_word' id='word_1_133' title='bbox 527 1134 751 1208; x_wconf 76' lang='grc' dir='ltr'><em>θρησκείας</em></span> <span class='ocrx_word' id='word_1_134' title='bbox 791 1129 1071 1184; x_wconf 86' lang='grc' dir='ltr'><em>αυτονόμους,</em></span> <span class='ocrx_word' id='word_1_135' title='bbox 1099 1148 1167 1173; x_wconf 88' lang='grc' dir='ltr'><strong>και</strong></span> <span class='ocrx_word' id='word_1_136' title='bbox 1197 1131 1253 1180; x_wconf 78' lang='grc' dir='ltr'><strong>ὥς</strong></span> <span class='ocrx_word' id='word_1_137' title='bbox 1283 1132 1363 1172; x_wconf 73' lang='grc' dir='ltr'><strong>ἀπὸ</strong></span> <span class='ocrx_word' id='word_1_138' title='bbox 1393 1135 1474 1174; x_wconf 78' lang='grc' dir='ltr'><strong>τῶν</strong></span> <span class='ocrx_word' id='word_1_139' title='bbox 1502 1136 1722 1175; x_wconf 80' lang='grc' dir='ltr'><em>παλαιοτέ-</em></span> 
     </span>
     <span class='ocr_line' id='line_1_16' title="bbox 292 1195 1778 1250; baseline 0.001 -12"><span class='ocrx_word' id='word_1_140' title='bbox 292 1214 376 1250; x_wconf 89' lang='grc' dir='ltr'><strong>ρων</strong></span> <span class='ocrx_word' id='word_1_141' title='bbox 409 1195 630 1250; x_wconf 70' lang='grc' dir='ltr'><em>ἀρχιερεύς</em></span> <span class='ocrx_word' id='word_1_142' title='bbox 657 1211 700 1237; x_wconf 84' lang='grc' dir='ltr'><em>τε</em></span> <span class='ocrx_word' id='word_1_143' title='bbox 735 1196 958 1249; x_wconf 80' lang='grc' dir='ltr'><em>ἐνομίσθη,</em></span> <span class='ocrx_word' id='word_1_144' title='bbox 987 1212 1054 1236; x_wconf 88' lang='grc' dir='ltr'><strong>και</strong></span> <span class='ocrx_word' id='word_1_145' title='bbox 1083 1196 1300 1249; x_wconf 81' lang='grc' dir='ltr'><em>γράμμασι</em></span> <span class='ocrx_word' id='word_1_146' title='bbox 1326 1202 1411 1246; x_wconf 83' lang='grc' dir='ltr'><em>τοῖς</em></span> <span class='ocrx_word' id='word_1_147' title='bbox 1439 1212 1594 1239; x_wconf 88' lang='grc' dir='ltr'><em>τουτων</em></span> <span class='ocrx_word' id='word_1_148' title='bbox 1619 1198 1720 1239; x_wconf 77' lang='grc' dir='ltr'><em>οἷπο·</em></span> <span class='ocrx_word' id='word_1_149' title='bbox 1737 1209 1778 1242; x_wconf 88' lang='grc'><strong>15</strong></span> 
     </span>
     <span class='ocr_line' id='line_1_17' title="bbox 292 1258 1723 1314; baseline 0.001 -11"><span class='ocrx_word' id='word_1_150' title='bbox 292 1264 535 1303; x_wconf 74' lang='grc' dir='ltr'><em>δείκνυσθαι</em></span> <span class='ocrx_word' id='word_1_151' title='bbox 578 1261 858 1313; x_wconf 84' lang='grc' dir='ltr'><em>ακριβὲστατα</em></span> <span class='ocrx_word' id='word_1_152' title='bbox 895 1258 943 1313; x_wconf 87' lang='grc' dir='ltr'><strong>δη</strong></span> <span class='ocrx_word' id='word_1_153' title='bbox 974 1259 1045 1301; x_wconf 81' lang='grc' dir='ltr'><strong>τὸν</strong></span> <span class='ocrx_word' id='word_1_154' title='bbox 1086 1264 1160 1301; x_wconf 83' lang='grc' dir='ltr'><strong>τοῦ</strong></span> <span class='ocrx_word' id='word_1_155' title='bbox 1189 1262 1427 1313; x_wconf 64' lang='grc' dir='ltr'><em>ΖΡΙεχμέτεω</em></span> <span class='ocrx_word' id='word_1_156' title='bbox 1458 1261 1598 1314; x_wconf 89' lang='grc' dir='ltr'><em>νόμον.</em></span> <span class='ocrx_word' id='word_1_157' title='bbox 1652 1261 1723 1304; x_wconf 77' lang='grc' dir='ltr'><strong>τὸν</strong></span> 
     </span>
     <span class='ocr_line' id='line_1_18' title="bbox 293 1323 1724 1380; baseline 0.001 -14"><span class='ocrx_word' id='word_1_158' title='bbox 293 1328 339 1367; x_wconf 80' lang='grc' dir='ltr'><strong>δὲ</strong></span> <span class='ocrx_word' id='word_1_159' title='bbox 385 1325 517 1379; x_wconf 78' lang='grc' dir='ltr'><em>τάφον</em></span> <span class='ocrx_word' id='word_1_160' title='bbox 543 1326 674 1378; x_wconf 80' lang='grc' dir='ltr'><em>Ἰησοῦ</em></span> <span class='ocrx_word' id='word_1_161' title='bbox 718 1323 821 1364; x_wconf 78' lang='grc' dir='ltr'><em>κατά</em></span> <span class='ocrx_word' id='word_1_162' title='bbox 862 1324 936 1376; x_wconf 84' lang='grc' dir='ltr'><strong>τὴν</strong></span> <span class='ocrx_word' id='word_1_163' title='bbox 964 1325 1251 1378; x_wconf 77' lang='grc' dir='ltr'><em>Παλαιστίνην</em></span> <span class='ocrx_word' id='word_1_164' title='bbox 1281 1328 1518 1378; x_wconf 81' lang='grc' dir='ltr'><em>κατέχοντες</em></span> <span class='ocrx_word' id='word_1_165' title='bbox 1546 1328 1653 1380; x_wconf 77' lang='grc' dir='ltr'><em>μέγα</em></span> <span class='ocrx_word' id='word_1_166' title='bbox 1680 1341 1724 1368; x_wconf 84' lang='grc' dir='ltr'><em>τε</em></span> 
     </span>
     <span class='ocr_line' id='line_1_19' title="bbox 291 1386 1725 1445; baseline 0 -13"><span class='ocrx_word' id='word_1_167' title='bbox 291 1391 575 1445; x_wconf 77' lang='grc' dir='ltr'><em>ἀποφέρονται</em></span> <span class='ocrx_word' id='word_1_168' title='bbox 602 1391 766 1442; x_wconf 84' lang='grc' dir='ltr'><em>κέρδος,</em></span> <span class='ocrx_word' id='word_1_169' title='bbox 797 1392 867 1430; x_wconf 86' lang='grc' dir='ltr'><em>καί</em></span> <span class='ocrx_word' id='word_1_170' title='bbox 894 1386 1092 1442; x_wconf 77' lang='grc' dir='ltr'><em>ἄρχοντες</em></span> <span class='ocrx_word' id='word_1_171' title='bbox 1130 1392 1315 1443; x_wconf 78' lang='grc' dir='ltr'><em>μέγιστοι</em></span> <span class='ocrx_word' id='word_1_172' title='bbox 1343 1389 1393 1444; x_wconf 72' lang='grc' dir='ltr'><strong>δὴ</strong></span> <span class='ocrx_word' id='word_1_173' title='bbox 1422 1393 1496 1432; x_wconf 82' lang='grc' dir='ltr'><strong>τοῦ</strong></span> <span class='ocrx_word' id='word_1_174' title='bbox 1522 1392 1725 1441; x_wconf 84' lang='grc' dir='ltr'><em>βασιλέως</em></span> 
     </span>
     <span class='ocr_line' id='line_1_20' title="bbox 292 1453 1723 1509; baseline 0.002 -14"><span class='ocrx_word' id='word_1_175' title='bbox 292 1453 403 1496; x_wconf 80' lang='grc' dir='ltr'><em>οἴκου</em></span> <span class='ocrx_word' id='word_1_176' title='bbox 434 1457 475 1502; x_wconf 81' lang='grc' dir='ltr'><strong>ἐς</strong></span> <span class='ocrx_word' id='word_1_177' title='bbox 509 1453 701 1508; x_wconf 69' lang='grc' dir='ltr'><em>φυλακην</em></span> <span class='ocrx_word' id='word_1_178' title='bbox 739 1456 813 1495; x_wconf 82' lang='grc' dir='ltr'><strong>τοῦ</strong></span> <span class='ocrx_word' id='word_1_179' title='bbox 843 1455 1025 1507; x_wconf 81' lang='grc' dir='ltr'><em>σήματος</em></span> <span class='ocrx_word' id='word_1_180' title='bbox 1066 1456 1348 1495; x_wconf 87' lang='grc' dir='ltr'><em>καθίστανται.</em></span> <span class='ocrx_word' id='word_1_181' title='bbox 1406 1455 1539 1509; x_wconf 82' lang='grc' dir='ltr'><em>διήκει</em></span> <span class='ocrx_word' id='word_1_182' title='bbox 1567 1457 1613 1497; x_wconf 87' lang='grc' dir='ltr'><strong>δὲ</strong></span> <span class='ocrx_word' id='word_1_183' title='bbox 1641 1455 1723 1498; x_wconf 88' lang='grc' dir='ltr'><strong>Αἴ-</strong></span> 
     </span>
     <span class='ocr_line' id='line_1_21' title="bbox 291 1516 1779 1574; baseline 0.001 -15"><span class='ocrx_word' id='word_1_184' title='bbox 291 1533 440 1572; x_wconf 84' lang='grc' dir='ltr'><em>γυπτος</em></span> <span class='ocrx_word' id='word_1_185' title='bbox 471 1518 552 1558; x_wconf 76' lang='grc' dir='ltr'><strong>ἀπὸ</strong></span> <span class='ocrx_word' id='word_1_186' title='bbox 589 1518 727 1571; x_wconf 74' lang='grc' dir='ltr'><em>Τύρου</em></span> <span class='ocrx_word' id='word_1_187' title='bbox 757 1520 826 1572; x_wconf 74' lang='grc' dir='ltr'><em>τῆς</em></span> <span class='ocrx_word' id='word_1_188' title='bbox 864 1517 1174 1573; x_wconf 73' lang='grc' dir='ltr'><em>Ἀλεξανδρείας</em></span> <span class='ocrx_word' id='word_1_189' title='bbox 1206 1517 1295 1560; x_wconf 80' lang='grc' dir='ltr'><em>ἔστε</em></span> <span class='ocrx_word' id='word_1_190' title='bbox 1316 1516 1549 1574; x_wconf 86' lang='grc' dir='ltr'><em>Ἰτουραίαν</em></span> <span class='ocrx_word' id='word_1_191' title='bbox 1568 1518 1779 1573; x_wconf 73' lang='grc' dir='ltr'><em>χώραν,20</em></span> 
     </span>
     <span class='ocr_line' id='line_1_22' title="bbox 292 1580 1723 1638; baseline -0.001 -14"><span class='ocrx_word' id='word_1_192' title='bbox 292 1582 362 1624; x_wconf 81' lang='grc' dir='ltr'><strong>ε’πί</strong></span> <span class='ocrx_word' id='word_1_193' title='bbox 389 1584 582 1630; x_wconf 85' lang='grc' dir='ltr'><em>σταδίους</em></span> <span class='ocrx_word' id='word_1_194' title='bbox 619 1582 797 1635; x_wconf 72' lang='grc' dir='ltr'><em>μάλιστα</em></span> <span class='ocrx_word' id='word_1_195' title='bbox 828 1601 883 1637; x_wconf 88' lang='grc' dir='ltr'><em>πη</em></span> <span class='ocrx_word' id='word_1_196' title='bbox 919 1613 927 1622; x_wconf 91' lang='grc'><em>.</em></span> <span class='ocrx_word' id='word_1_197' title='bbox 963 1613 972 1623; x_wconf 91' lang='grc'><em>.</em></span> <span class='ocrx_word' id='word_1_198' title='bbox 999 1613 1009 1624; x_wconf 92' lang='grc'><em>.</em></span> <span class='ocrx_word' id='word_1_199' title='bbox 1041 1614 1051 1623; x_wconf 90' lang='grc'><em>.</em></span> <span class='ocrx_word' id='word_1_200' title='bbox 1111 1580 1131 1623; x_wconf 82' lang='grc' dir='ltr'><em>ὃ</em></span> <span class='ocrx_word' id='word_1_201' title='bbox 1161 1584 1206 1624; x_wconf 84' lang='grc' dir='ltr'><strong>δὲ</strong></span> <span class='ocrx_word' id='word_1_202' title='bbox 1235 1585 1382 1632; x_wconf 74' lang='grc' dir='ltr'><em>Νεῖλος</em></span> <span class='ocrx_word' id='word_1_203' title='bbox 1431 1583 1452 1624; x_wconf 77' lang='grc' dir='ltr'>ὅ</span> <span class='ocrx_word' id='word_1_204' title='bbox 1485 1586 1557 1637; x_wconf 80' lang='grc' dir='ltr'><em>τῆς</em></span> <span class='ocrx_word' id='word_1_205' title='bbox 1587 1583 1723 1638; x_wconf 76' lang='grc' dir='ltr'><em>Αἰγύ-</em></span> 
     </span>
     <span class='ocr_line' id='line_1_23' title="bbox 294 1644 1721 1701; baseline 0.001 -13"><span class='ocrx_word' id='word_1_206' title='bbox 294 1663 397 1688; x_wconf 81' lang='grc' dir='ltr'><em>πτου</em></span> <span class='ocrx_word' id='word_1_207' title='bbox 427 1645 607 1699; x_wconf 84' lang='grc' dir='ltr'><em>ποταμὸς</em></span> <span class='ocrx_word' id='word_1_208' title='bbox 638 1649 798 1688; x_wconf 81' lang='grc' dir='ltr'><em>ἐκδιδοῖ</em></span> <span class='ocrx_word' id='word_1_209' title='bbox 823 1649 864 1695; x_wconf 82' lang='grc' dir='ltr'><strong>ἐς</strong></span> <span class='ocrx_word' id='word_1_210' title='bbox 893 1645 1111 1689; x_wconf 81' lang='grc' dir='ltr'><em>θάλασσαν</em></span> <span class='ocrx_word' id='word_1_211' title='bbox 1140 1647 1242 1701; x_wconf 87' lang='grc' dir='ltr'><em>πρὸς</em></span> <span class='ocrx_word' id='word_1_212' title='bbox 1262 1650 1430 1701; x_wconf 77' lang='grc' dir='ltr'><em>Βορρᾶν</em></span> <span class='ocrx_word' id='word_1_213' title='bbox 1453 1644 1602 1700; x_wconf 71' lang='grc' dir='ltr'><em>ἄνεμον</em></span> <span class='ocrx_word' id='word_1_214' title='bbox 1619 1649 1721 1690; x_wconf 79' lang='grc' dir='ltr'><em>κατὰ</em></span> 
     </span>
     <span class='ocr_line' id='line_1_24' title="bbox 288 1707 1723 1766; baseline 0.001 -13"><span class='ocrx_word' id='word_1_215' title='bbox 288 1709 606 1764; x_wconf 79' lang='grc' dir='ltr'><em>Ἀλεξάνδρειαν</em></span> <span class='ocrx_word' id='word_1_216' title='bbox 651 1713 724 1766; x_wconf 83' lang='grc' dir='ltr'><em>τῆς</em></span> <span class='ocrx_word' id='word_1_217' title='bbox 751 1712 983 1765; x_wconf 77' lang='grc' dir='ltr'><em>Αἰγύπτου.</em></span> <span class='ocrx_word' id='word_1_218' title='bbox 1053 1713 1246 1753; x_wconf 77' lang='grc' dir='ltr'><em>ἐντεῦθεν</em></span> <span class='ocrx_word' id='word_1_219' title='bbox 1287 1707 1460 1766; x_wconf 75' lang='grc' dir='ltr'><em>ἄρχεται</em></span> <span class='ocrx_word' id='word_1_220' title='bbox 1500 1713 1723 1766; x_wconf 81' lang='grc' dir='ltr'><em>ἦΠαλαι·</em></span> 
     </span>
    </p>
   </div>
   <div class='ocr_carea' id='block_1_3' title="bbox 390 1841 628 1889">
    <p class='ocr_par' dir='ltr' id='par_1_4' title="bbox 390 1841 628 1889">
     <span class='ocr_line' id='line_1_25' title="bbox 390 1841 628 1889; baseline 0 -14"><span class='ocrx_word' id='word_1_221' title='bbox 390 1844 421 1875; x_wconf 89' lang='grc'><strong>1.</strong></span> <span class='ocrx_word' id='word_1_222' title='bbox 450 1841 578 1889; x_wconf 72' lang='grc' dir='ltr'><em>ἄρδειν</em></span> <span class='ocrx_word' id='word_1_223' title='bbox 605 1844 628 1875; x_wconf 84' lang='lat' dir='ltr'><strong>R</strong></span> 
     </span>
    </p>
   </div>
   <div class='ocr_carea' id='block_1_4' title="bbox 296 1951 1722 2734">
    <p class='ocr_par' dir='ltr' id='par_1_5' title="bbox 296 1951 1722 2734">
     <span class='ocr_line' id='line_1_26' title="bbox 298 1951 1722 1998; baseline 0 -12"><span class='ocrx_word' id='word_1_224' title='bbox 298 1951 501 1997; x_wconf 74' lang='lat' dir='ltr'><strong>religionem</strong></span> <span class='ocrx_word' id='word_1_225' title='bbox 529 1953 672 1996; x_wconf 88' lang='lat' dir='ltr'><strong>quidem</strong></span> <span class='ocrx_word' id='word_1_226' title='bbox 713 1954 791 1986; x_wconf 91' lang='lat' dir='ltr'><strong>Iesu</strong></span> <span class='ocrx_word' id='word_1_227' title='bbox 820 1953 882 1986; x_wconf 83' lang='lat' dir='ltr'><strong>filii</strong></span> <span class='ocrx_word' id='word_1_228' title='bbox 910 1953 967 1987; x_wconf 90' lang='lat' dir='ltr'><strong>dei</strong></span> <span class='ocrx_word' id='word_1_229' title='bbox 993 1965 1029 1987; x_wconf 91' lang='lat' dir='ltr'><strong>se</strong></span> <span class='ocrx_word' id='word_1_230' title='bbox 1055 1958 1178 1987; x_wconf 87' lang='lat' dir='ltr'><strong>tenere</strong></span> <span class='ocrx_word' id='word_1_231' title='bbox 1212 1953 1354 1987; x_wconf 88' lang='lat' dir='ltr'><strong>dicunt:</strong></span> <span class='ocrx_word' id='word_1_232' title='bbox 1378 1959 1415 1987; x_wconf 84' lang='lat' dir='ltr'><strong>at</strong></span> <span class='ocrx_word' id='word_1_233' title='bbox 1442 1953 1628 1998; x_wconf 85' lang='lat' dir='ltr'><strong>plurimum</strong></span> <span class='ocrx_word' id='word_1_234' title='bbox 1655 1953 1722 1998; x_wconf 82' lang='lat' dir='ltr'><strong>ipsi</strong></span> 
     </span>
     <span class='ocr_line' id='line_1_27' title="bbox 297 1998 1721 2044; baseline 0 -12"><span class='ocrx_word' id='word_1_235' title='bbox 297 2001 389 2033; x_wconf 86' lang='lat' dir='ltr'><strong>inter</strong></span> <span class='ocrx_word' id='word_1_236' title='bbox 415 2010 490 2032; x_wconf 87' lang='lat' dir='ltr'><strong>sese</strong></span> <span class='ocrx_word' id='word_1_237' title='bbox 509 1998 734 2032; x_wconf 85' lang='lat' dir='ltr'><strong>dissentiunt.</strong></span> <span class='ocrx_word' id='word_1_238' title='bbox 783 2011 848 2032; x_wconf 89' lang='lat' dir='ltr'><strong>uec</strong></span> <span class='ocrx_word' id='word_1_239' title='bbox 875 2011 1082 2033; x_wconf 90' lang='lat' dir='ltr'><strong>consensum</strong></span> <span class='ocrx_word' id='word_1_240' title='bbox 1108 2005 1287 2044; x_wconf 79' lang='lat' dir='ltr'>praestant</span> <span class='ocrx_word' id='word_1_241' title='bbox 1309 2001 1347 2032; x_wconf 90' lang='lat' dir='ltr'><strong>in</strong></span> <span class='ocrx_word' id='word_1_242' title='bbox 1374 2001 1552 2043; x_wconf 82' lang='lat' dir='ltr'>religionis</span> <span class='ocrx_word' id='word_1_243' title='bbox 1577 1999 1721 2043; x_wconf 84' lang='lat' dir='ltr'><strong>negotio</strong></span> 
     </span>
     <span class='ocr_line' id='line_1_28' title="bbox 297 2045 1722 2090; baseline -0.001 -11"><span class='ocrx_word' id='word_1_244' title='bbox 297 2047 353 2079; x_wconf 90' lang='lat' dir='ltr'><strong>vel</strong></span> <span class='ocrx_word' id='word_1_245' title='bbox 378 2046 520 2077; x_wconf 86' lang='lat' dir='ltr'><strong>Graecis</strong></span> <span class='ocrx_word' id='word_1_246' title='bbox 547 2046 604 2077; x_wconf 81' lang='lat' dir='ltr'><strong>vel</strong></span> <span class='ocrx_word' id='word_1_247' title='bbox 629 2047 804 2078; x_wconf 85' lang='lat' dir='ltr'><strong>Romanis.</strong></span> <span class='ocrx_word' id='word_1_248' title='bbox 856 2046 998 2090; x_wconf 82' lang='lat' dir='ltr'><strong>plurimi</strong></span> <span class='ocrx_word' id='word_1_249' title='bbox 1024 2047 1163 2079; x_wconf 82' lang='lat' dir='ltr'><strong>Armeni</strong></span> <span class='ocrx_word' id='word_1_250' title='bbox 1190 2047 1227 2078; x_wconf 89' lang='lat' dir='ltr'><strong>in</strong></span> <span class='ocrx_word' id='word_1_251' title='bbox 1257 2047 1397 2089; x_wconf 79' lang='lat' dir='ltr'>regione</span> <span class='ocrx_word' id='word_1_252' title='bbox 1421 2047 1486 2078; x_wconf 84' lang='lat' dir='ltr'><strong>ista</strong></span> <span class='ocrx_word' id='word_1_253' title='bbox 1517 2047 1620 2079; x_wconf 90' lang='lat' dir='ltr'><strong>etiam</strong></span> <span class='ocrx_word' id='word_1_254' title='bbox 1642 2045 1722 2078; x_wconf 92' lang='lat' dir='ltr'><strong>Mo—</strong></span> 
     </span>
     <span class='ocr_line' id='line_1_29' title="bbox 296 2091 1721 2146; baseline -0.001 -21"><span class='ocrx_word' id='word_1_255' title='bbox 296 2092 494 2125; x_wconf 88' lang='lat' dir='ltr'><strong>nothelitae</strong></span> <span class='ocrx_word' id='word_1_256' title='bbox 521 2098 558 2125; x_wconf 87' lang='lat' dir='ltr'><strong>et</strong></span> <span class='ocrx_word' id='word_1_257' title='bbox 582 2091 786 2131; x_wconf 71' lang='lat' dir='ltr'><strong>Iocubstae,</strong></span> <span class='ocrx_word' id='word_1_258' title='bbox 811 2102 951 2124; x_wconf 87' lang='lat' dir='ltr'>necnon</span> <span class='ocrx_word' id='word_1_259' title='bbox 984 2093 1126 2146; x_wconf 83' lang='lat' dir='ltr'><strong>plurimi</strong></span> <span class='ocrx_word' id='word_1_260' title='bbox 1151 2092 1349 2124; x_wconf 85' lang='lat' dir='ltr'><strong>Manichaei</strong></span> <span class='ocrx_word' id='word_1_261' title='bbox 1373 2091 1547 2124; x_wconf 85' lang='lat' dir='ltr'><strong>habitant.</strong></span> <span class='ocrx_word' id='word_1_262' title='bbox 1596 2097 1721 2124; x_wconf 81' lang='lat' dir='ltr'><strong>exten-</strong></span> 
     </span>
     <span class='ocr_line' id='line_1_30' title="bbox 297 2137 1720 2182; baseline -0.001 -12"><span class='ocrx_word' id='word_1_263' title='bbox 297 2139 395 2171; x_wconf 88' lang='lat' dir='ltr'><strong>ditur</strong></span> <span class='ocrx_word' id='word_1_264' title='bbox 421 2143 537 2170; x_wconf 88' lang='lat' dir='ltr'><strong>autem</strong></span> <span class='ocrx_word' id='word_1_265' title='bbox 564 2137 782 2181; x_wconf 87' lang='lat' dir='ltr'><strong>Memphitici</strong></span> <span class='ocrx_word' id='word_1_266' title='bbox 813 2139 900 2180; x_wconf 83' lang='lat' dir='ltr'><strong>regis</strong></span> <span class='ocrx_word' id='word_1_267' title='bbox 927 2139 1022 2181; x_wconf 84' lang='lat' dir='ltr'><strong>regio</strong></span> <span class='ocrx_word' id='word_1_268' title='bbox 1047 2149 1065 2170; x_wconf 90' lang='lat' dir='ltr'><strong>a</strong></span> <span class='ocrx_word' id='word_1_269' title='bbox 1094 2138 1204 2180; x_wconf 84' lang='lat' dir='ltr'><strong>Libya</strong></span> <span class='ocrx_word' id='word_1_270' title='bbox 1229 2149 1337 2182; x_wconf 88' lang='lat' dir='ltr'><strong>usque</strong></span> <span class='ocrx_word' id='word_1_271' title='bbox 1361 2137 1406 2169; x_wconf 85' lang='lat' dir='ltr'><strong>ad</strong></span> <span class='ocrx_word' id='word_1_272' title='bbox 1431 2137 1639 2182; x_wconf 83' lang='lat' dir='ltr'><strong>Chalepiam</strong></span> <span class='ocrx_word' id='word_1_273' title='bbox 1661 2148 1720 2168; x_wconf 90' lang='lat' dir='ltr'><strong>ur-</strong></span> 
     </span>
     <span class='ocr_line' id='line_1_31' title="bbox 298 2183 1719 2228; baseline -0.001 -11"><span class='ocrx_word' id='word_1_274' title='bbox 298 2186 375 2217; x_wconf 83' lang='lat' dir='ltr'><strong>bem</strong></span> <span class='ocrx_word' id='word_1_275' title='bbox 404 2186 516 2216; x_wconf 83' lang='lat' dir='ltr'><strong>Asiae.</strong></span> <span class='ocrx_word' id='word_1_276' title='bbox 578 2183 756 2227; x_wconf 83' lang='lat' dir='ltr'><strong>plurimae</strong></span> <span class='ocrx_word' id='word_1_277' title='bbox 781 2184 817 2216; x_wconf 90' lang='lat' dir='ltr'><strong>in</strong></span> <span class='ocrx_word' id='word_1_278' title='bbox 843 2185 922 2216; x_wconf 87' lang='lat' dir='ltr'><strong>Asia</strong></span> <span class='ocrx_word' id='word_1_279' title='bbox 948 2190 984 2216; x_wconf 91' lang='lat' dir='ltr'><strong>et</strong></span> <span class='ocrx_word' id='word_1_280' title='bbox 1008 2184 1121 2216; x_wconf 82' lang='lat' dir='ltr'><strong>Africa</strong></span> <span class='ocrx_word' id='word_1_281' title='bbox 1148 2185 1359 2228; x_wconf 84' lang='lat' dir='ltr'><strong>Europaque</strong></span> <span class='ocrx_word' id='word_1_282' title='bbox 1397 2189 1518 2226; x_wconf 80' lang='lat' dir='ltr'>gentes</span> <span class='ocrx_word' id='word_1_283' title='bbox 1548 2193 1719 2216; x_wconf 79' lang='lat' dir='ltr'><strong>veneran-</strong></span> 
     </span>
     <span class='ocr_line' id='line_1_32' title="bbox 297 2227 1719 2274; baseline -0.002 -11"><span class='ocrx_word' id='word_1_284' title='bbox 297 2237 354 2263; x_wconf 88' lang='lat' dir='ltr'><strong>tur</strong></span> <span class='ocrx_word' id='word_1_285' title='bbox 378 2230 482 2263; x_wconf 88' lang='lat' dir='ltr'><strong>istum</strong></span> <span class='ocrx_word' id='word_1_286' title='bbox 508 2240 623 2273; x_wconf 84' lang='lat' dir='ltr'><strong>regem</strong></span> <span class='ocrx_word' id='word_1_287' title='bbox 654 2234 692 2261; x_wconf 80' lang='lat' dir='ltr'><strong>ut</strong></span> <span class='ocrx_word' id='word_1_288' title='bbox 728 2230 945 2262; x_wconf 74' lang='lat' dir='ltr'><strong>sacerdotem</strong></span> <span class='ocrx_word' id='word_1_289' title='bbox 979 2231 1016 2262; x_wconf 86' lang='lat' dir='ltr'><strong>in</strong></span> <span class='ocrx_word' id='word_1_290' title='bbox 1044 2231 1085 2262; x_wconf 87' lang='lat' dir='ltr'><strong>iis</strong></span> <span class='ocrx_word' id='word_1_291' title='bbox 1110 2241 1201 2274; x_wconf 88' lang='lat' dir='ltr'><strong>quae</strong></span> <span class='ocrx_word' id='word_1_292' title='bbox 1235 2230 1280 2262; x_wconf 90' lang='lat' dir='ltr'><strong>ad</strong></span> <span class='ocrx_word' id='word_1_293' title='bbox 1307 2229 1511 2272; x_wconf 83' lang='lat' dir='ltr'><strong>religionem</strong></span> <span class='ocrx_word' id='word_1_294' title='bbox 1537 2235 1572 2262; x_wconf 85' lang='lat' dir='ltr'><strong>et</strong></span> <span class='ocrx_word' id='word_1_295' title='bbox 1597 2227 1719 2261; x_wconf 85' lang='lat' dir='ltr'><strong>Mech-</strong></span> 
     </span>
     <span class='ocr_line' id='line_1_33' title="bbox 297 2275 1718 2320; baseline -0.002 -11"><span class='ocrx_word' id='word_1_296' title='bbox 297 2277 400 2309; x_wconf 87' lang='lat' dir='ltr'><strong>metis</strong></span> <span class='ocrx_word' id='word_1_297' title='bbox 447 2277 556 2318; x_wconf 81' lang='lat' dir='ltr'><strong>legem</strong></span> <span class='ocrx_word' id='word_1_298' title='bbox 596 2279 766 2319; x_wconf 81' lang='lat' dir='ltr'><strong>spectant.</strong></span> <span class='ocrx_word' id='word_1_299' title='bbox 823 2276 964 2320; x_wconf 87' lang='lat' dir='ltr'><strong>plurimi</strong></span> <span class='ocrx_word' id='word_1_300' title='bbox 1002 2287 1152 2320; x_wconf 88' lang='lat' dir='ltr'><strong>namque</strong></span> <span class='ocrx_word' id='word_1_301' title='bbox 1193 2275 1295 2308; x_wconf 82' lang='lat' dir='ltr'><strong>isthic</strong></span> <span class='ocrx_word' id='word_1_302' title='bbox 1322 2275 1468 2308; x_wconf 80' lang='lat' dir='ltr'><strong>haerent</strong></span> <span class='ocrx_word' id='word_1_303' title='bbox 1495 2275 1554 2320; x_wconf 91' lang='lat' dir='ltr'><strong>qui</strong></span> <span class='ocrx_word' id='word_1_304' title='bbox 1579 2285 1718 2319; x_wconf 83' lang='lat' dir='ltr'><strong>operam</strong></span> 
     </span>
     <span class='ocr_line' id='line_1_34' title="bbox 297 2320 1720 2366; baseline -0.002 -11"><span class='ocrx_word' id='word_1_305' title='bbox 297 2323 384 2355; x_wconf 87' lang='lat' dir='ltr'><strong>dant</strong></span> <span class='ocrx_word' id='word_1_306' title='bbox 408 2321 614 2355; x_wconf 79' lang='lat' dir='ltr'><strong>Meclimetis</strong></span> <span class='ocrx_word' id='word_1_307' title='bbox 648 2321 785 2363; x_wconf 85' lang='lat' dir='ltr'><strong>legibus</strong></span> <span class='ocrx_word' id='word_1_308' title='bbox 809 2321 995 2354; x_wconf 85' lang='lat' dir='ltr'><strong>discendis.</strong></span> <span class='ocrx_word' id='word_1_309' title='bbox 1057 2323 1160 2354; x_wconf 85' lang='lat' dir='ltr'><strong>etiam</strong></span> <span class='ocrx_word' id='word_1_310' title='bbox 1186 2321 1229 2353; x_wconf 86' lang='lat' dir='ltr'><strong>ab</strong></span> <span class='ocrx_word' id='word_1_311' title='bbox 1253 2321 1407 2366; x_wconf 82' lang='lat' dir='ltr'><strong>antiquis</strong></span> <span class='ocrx_word' id='word_1_312' title='bbox 1432 2320 1592 2354; x_wconf 86' lang='lat' dir='ltr'><strong>sacerdos</strong></span> <span class='ocrx_word' id='word_1_313' title='bbox 1617 2320 1720 2352; x_wconf 84' lang='lat' dir='ltr'><strong>habi-</strong></span> 
     </span>
     <span class='ocr_line' id='line_1_35' title="bbox 298 2366 1721 2412; baseline -0.002 -11"><span class='ocrx_word' id='word_1_314' title='bbox 298 2375 354 2402; x_wconf 80' lang='lat' dir='ltr'><strong>tus</strong></span> <span class='ocrx_word' id='word_1_315' title='bbox 380 2374 445 2408; x_wconf 83' lang='lat' dir='ltr'><strong>est,</strong></span> <span class='ocrx_word' id='word_1_316' title='bbox 473 2373 512 2400; x_wconf 87' lang='lat' dir='ltr'><strong>ut</strong></span> <span class='ocrx_word' id='word_1_317' title='bbox 539 2368 600 2412; x_wconf 87' lang='lat' dir='ltr'><strong>qui</strong></span> <span class='ocrx_word' id='word_1_318' title='bbox 625 2367 701 2399; x_wconf 91' lang='lat' dir='ltr'><strong>eius</strong></span> <span class='ocrx_word' id='word_1_319' title='bbox 726 2368 841 2410; x_wconf 79' lang='lat' dir='ltr'><strong>gentis</strong></span> <span class='ocrx_word' id='word_1_320' title='bbox 869 2367 997 2400; x_wconf 84' lang='lat' dir='ltr'><strong>litteris</strong></span> <span class='ocrx_word' id='word_1_321' title='bbox 1022 2367 1228 2400; x_wconf 77' lang='lat' dir='ltr'><strong>Mechmetis</strong></span> <span class='ocrx_word' id='word_1_322' title='bbox 1254 2368 1347 2410; x_wconf 81' lang='lat' dir='ltr'><strong>leges</strong></span> <span class='ocrx_word' id='word_1_323' title='bbox 1371 2367 1570 2400; x_wconf 83' lang='lat' dir='ltr'><strong>acutissime</strong></span> <span class='ocrx_word' id='word_1_324' title='bbox 1596 2366 1721 2410; x_wconf 82' lang='lat' dir='ltr'><strong>expla-</strong></span> 
     </span>
     <span class='ocr_line' id='line_1_36' title="bbox 298 2411 1720 2458; baseline -0.001 -12"><span class='ocrx_word' id='word_1_325' title='bbox 298 2425 380 2447; x_wconf 86' lang='lat' dir='ltr'><strong>nare</strong></span> <span class='ocrx_word' id='word_1_326' title='bbox 410 2418 540 2458; x_wconf 82' lang='lat' dir='ltr'><strong>posset.</strong></span> <span class='ocrx_word' id='word_1_327' title='bbox 587 2413 785 2457; x_wconf 88' lang='lat' dir='ltr'><strong>sepulcrum</strong></span> <span class='ocrx_word' id='word_1_328' title='bbox 814 2415 891 2446; x_wconf 87' lang='lat' dir='ltr'><strong>Iesu</strong></span> <span class='ocrx_word' id='word_1_329' title='bbox 925 2413 989 2446; x_wconf 85' lang='lat' dir='ltr'><strong>sub</strong></span> <span class='ocrx_word' id='word_1_330' title='bbox 1025 2418 1201 2458; x_wconf 76' lang='lat' dir='ltr'><strong>potestate</strong></span> <span class='ocrx_word' id='word_1_331' title='bbox 1226 2414 1326 2446; x_wconf 85' lang='lat' dir='ltr'><strong>istius</strong></span> <span class='ocrx_word' id='word_1_332' title='bbox 1352 2414 1440 2456; x_wconf 82' lang='lat' dir='ltr'><strong>regis</strong></span> <span class='ocrx_word' id='word_1_333' title='bbox 1465 2414 1502 2446; x_wconf 91' lang='lat' dir='ltr'><strong>in</strong></span> <span class='ocrx_word' id='word_1_334' title='bbox 1527 2411 1720 2447; x_wconf 81' lang='lat' dir='ltr'><strong>Palaestina</strong></span> 
     </span>
     <span class='ocr_line' id='line_1_37' title="bbox 298 2458 1719 2503; baseline -0.003 -10"><span class='ocrx_word' id='word_1_335' title='bbox 298 2462 403 2493; x_wconf 88' lang='lat' dir='ltr'><strong>situm</strong></span> <span class='ocrx_word' id='word_1_336' title='bbox 432 2465 495 2499; x_wconf 83' lang='lat' dir='ltr'><strong>est,</strong></span> <span class='ocrx_word' id='word_1_337' title='bbox 522 2459 615 2492; x_wconf 88' lang='lat' dir='ltr'><strong>unde</strong></span> <span class='ocrx_word' id='word_1_338' title='bbox 641 2459 825 2503; x_wconf 85' lang='lat' dir='ltr'><strong>plurimum</strong></span> <span class='ocrx_word' id='word_1_339' title='bbox 857 2460 946 2491; x_wconf 85' lang='lat' dir='ltr'><strong>lucri</strong></span> <span class='ocrx_word' id='word_1_340' title='bbox 973 2460 1004 2492; x_wconf 92' lang='lat' dir='ltr'><strong>ei</strong></span> <span class='ocrx_word' id='word_1_341' title='bbox 1030 2459 1176 2492; x_wconf 81' lang='lat' dir='ltr'><strong>accedit.</strong></span> <span class='ocrx_word' id='word_1_342' title='bbox 1232 2459 1412 2492; x_wconf 84' lang='lat' dir='ltr'><strong>custodiae</strong></span> <span class='ocrx_word' id='word_1_343' title='bbox 1438 2458 1542 2492; x_wconf 86' lang='lat' dir='ltr'><strong>huius</strong></span> <span class='ocrx_word' id='word_1_344' title='bbox 1567 2458 1719 2502; x_wconf 82' lang='lat' dir='ltr'><strong>sepulcri</strong></span> 
     </span>
     <span class='ocr_line' id='line_1_38' title="bbox 300 2504 1719 2548; baseline -0.003 -9"><span class='ocrx_word' id='word_1_345' title='bbox 300 2507 366 2540; x_wconf 86' lang='lat' dir='ltr'><strong>viri</strong></span> <span class='ocrx_word' id='word_1_346' title='bbox 389 2505 432 2538; x_wconf 91' lang='lat' dir='ltr'><strong>de</strong></span> <span class='ocrx_word' id='word_1_347' title='bbox 461 2506 594 2538; x_wconf 82' lang='lat' dir='ltr'><strong>familia</strong></span> <span class='ocrx_word' id='word_1_348' title='bbox 639 2505 727 2548; x_wconf 85' lang='lat' dir='ltr'><strong>regis</strong></span> <span class='ocrx_word' id='word_1_349' title='bbox 750 2505 979 2538; x_wconf 74' lang='lat' dir='ltr'><strong>illustrissimi</strong></span> <span class='ocrx_word' id='word_1_350' title='bbox 1005 2505 1237 2538; x_wconf 69' lang='lat' dir='ltr'><strong>destinantur.</strong></span> <span class='ocrx_word' id='word_1_351' title='bbox 1297 2504 1455 2538; x_wconf 81' lang='lat' dir='ltr'><strong>extendit</strong></span> <span class='ocrx_word' id='word_1_352' title='bbox 1479 2516 1516 2538; x_wconf 86' lang='lat' dir='ltr'><strong>se</strong></span> <span class='ocrx_word' id='word_1_353' title='bbox 1541 2505 1719 2548; x_wconf 82' lang='lat' dir='ltr'><strong>Aegyptus</strong></span> 
     </span>
     <span class='ocr_line' id='line_1_39' title="bbox 298 2547 1718 2596; baseline -0.001 -12"><span class='ocrx_word' id='word_1_354' title='bbox 298 2553 342 2584; x_wconf 87' lang='lat' dir='ltr'><strong>ab</strong></span> <span class='ocrx_word' id='word_1_355' title='bbox 366 2551 572 2585; x_wconf 80' lang='lat' dir='ltr'><strong>Alexandria</strong></span> <span class='ocrx_word' id='word_1_356' title='bbox 599 2556 636 2584; x_wconf 82' lang='lat' dir='ltr'><strong>et</strong></span> <span class='ocrx_word' id='word_1_357' title='bbox 655 2551 748 2594; x_wconf 79' lang='lat' dir='ltr'><strong>Tyro</strong></span> <span class='ocrx_word' id='word_1_358' title='bbox 774 2562 885 2596; x_wconf 87' lang='lat' dir='ltr'><strong>usque</strong></span> <span class='ocrx_word' id='word_1_359' title='bbox 914 2551 951 2583; x_wconf 88' lang='lat' dir='ltr'><strong>in</strong></span> <span class='ocrx_word' id='word_1_360' title='bbox 977 2552 1128 2584; x_wconf 82' lang='lat' dir='ltr'><strong>ituream</strong></span> <span class='ocrx_word' id='word_1_361' title='bbox 1154 2553 1332 2596; x_wconf 87' lang='lat' dir='ltr'><strong>regionem</strong></span> <span class='ocrx_word' id='word_1_362' title='bbox 1353 2550 1476 2584; x_wconf 85' lang='lat' dir='ltr'><strong>stadiis</strong></span> <span class='ocrx_word' id='word_1_363' title='bbox 1501 2547 1718 2583; x_wconf 76' lang='lat' dir='ltr'><strong>maxime88.</strong></span> 
     </span>
     <span class='ocr_line' id='line_1_40' title="bbox 297 2597 1719 2641; baseline -0.002 -11"><span class='ocrx_word' id='word_1_364' title='bbox 297 2599 399 2631; x_wconf 82' lang='lat' dir='ltr'><strong>Nilus</strong></span> <span class='ocrx_word' id='word_1_365' title='bbox 425 2603 541 2630; x_wconf 87' lang='lat' dir='ltr'><strong>autern</strong></span> <span class='ocrx_word' id='word_1_366' title='bbox 581 2597 704 2629; x_wconf 84' lang='lat' dir='ltr'><strong>fluvius</strong></span> <span class='ocrx_word' id='word_1_367' title='bbox 733 2597 877 2641; x_wconf 82' lang='lat' dir='ltr'><strong>Aegypti</strong></span> <span class='ocrx_word' id='word_1_368' title='bbox 915 2597 1146 2630; x_wconf 77' lang='lat' dir='ltr'><strong>exhauritur</strong></span> <span class='ocrx_word' id='word_1_369' title='bbox 1138 2609 1173 2630; x_wconf 81' lang='lat' dir='ltr'><strong>in</strong></span> <span class='ocrx_word' id='word_1_370' title='bbox 1199 2609 1292 2630; x_wconf 88' lang='lat' dir='ltr'><strong>mare</strong></span> <span class='ocrx_word' id='word_1_371' title='bbox 1321 2609 1438 2630; x_wconf 85' lang='lat' dir='ltr'><strong>versus</strong></span> <span class='ocrx_word' id='word_1_372' title='bbox 1464 2598 1606 2630; x_wconf 85' lang='lat' dir='ltr'><strong>Boream</strong></span> <span class='ocrx_word' id='word_1_373' title='bbox 1633 2605 1719 2628; x_wconf 86' lang='lat' dir='ltr'><strong>ven-</strong></span> 
     </span>
     <span class='ocr_line' id='line_1_41' title="bbox 299 2642 1719 2688; baseline -0.003 -11"><span class='ocrx_word' id='word_1_374' title='bbox 299 2650 384 2683; x_wconf 82' lang='lat' dir='ltr'><strong>tum,</strong></span> <span class='ocrx_word' id='word_1_375' title='bbox 411 2644 508 2676; x_wconf 82' lang='lat' dir='ltr'><strong>iuxta</strong></span> <span class='ocrx_word' id='word_1_376' title='bbox 535 2644 779 2676; x_wconf 77' lang='lat' dir='ltr'><strong>Alexindriam</strong></span> <span class='ocrx_word' id='word_1_377' title='bbox 810 2644 965 2687; x_wconf 77' lang='lat' dir='ltr'><strong>Aegypti</strong></span> <span class='ocrx_word' id='word_1_378' title='bbox 993 2643 1074 2675; x_wconf 84' lang='lat' dir='ltr'><strong>hinc</strong></span> <span class='ocrx_word' id='word_1_379' title='bbox 1099 2644 1223 2688; x_wconf 84' lang='lat' dir='ltr'><strong>incipit</strong></span> <span class='ocrx_word' id='word_1_380' title='bbox 1250 2643 1457 2683; x_wconf 74' lang='lat' dir='ltr'><strong>Palaestina,</strong></span> <span class='ocrx_word' id='word_1_381' title='bbox 1487 2642 1635 2675; x_wconf 79' lang='lat' dir='ltr'><strong>tendens</strong></span> <span class='ocrx_word' id='word_1_382' title='bbox 1660 2651 1719 2673; x_wconf 84' lang='lat' dir='ltr'><strong>us-</strong></span> 
     </span>
     <span class='ocr_line' id='line_1_42' title="bbox 300 2687 1717 2734; baseline -0.002 -12"><span class='ocrx_word' id='word_1_383' title='bbox 300 2700 369 2734; x_wconf 87' lang='lat' dir='ltr'><strong>que</strong></span> <span class='ocrx_word' id='word_1_384' title='bbox 394 2689 438 2722; x_wconf 84' lang='lat' dir='ltr'><strong>ad</strong></span> <span class='ocrx_word' id='word_1_385' title='bbox 466 2690 806 2733; x_wconf 83' lang='lat' dir='ltr'><strong>Coelesyria1n.in</strong></span> <span class='ocrx_word' id='word_1_386' title='bbox 835 2689 900 2721; x_wconf 88' lang='lat' dir='ltr'><strong>hac</strong></span> <span class='ocrx_word' id='word_1_387' title='bbox 925 2690 1066 2732; x_wconf 81' lang='lat' dir='ltr'><strong>regione</strong></span> <span class='ocrx_word' id='word_1_388' title='bbox 1093 2692 1168 2722; x_wconf 88' lang='lat' dir='ltr'><strong>Iesu</strong></span> <span class='ocrx_word' id='word_1_389' title='bbox 1211 2689 1410 2723; x_wconf 87' lang='lat' dir='ltr'><strong>celebratur</strong></span> <span class='ocrx_word' id='word_1_390' title='bbox 1435 2689 1643 2734; x_wconf 84' lang='lat' dir='ltr'><strong>sepulcrum,</strong></span> <span class='ocrx_word' id='word_1_391' title='bbox 1669 2687 1717 2720; x_wconf 87' lang='lat' dir='ltr'><strong>si</strong></span> 
     </span>
    </p>
   </div>
  </div>
 </body>
</html>
