1774 3204
213 182 310 226 268
575 185 794 228 LAONlCl
828 187 1334 231 CHALCOCONDYLAE

173 282 460 334 Βέπαγύμενος
501 285 572 323 καί
595 284 978 338 προσκαθεζόμενος
1005 288 1244 342 ἐπολιόρκει.
1310 290 1364 339 ὥς
1391 292 1436 333 δὲ
1461 282 1636 344 χρονιὼ-

210 348 311 398 τέρα
357 347 511 398 ἑγείετο
550 345 573 401 ἦ
603 354 838 402 πολιορκία,
869 354 1026 403 λέγεται
1065 352 1121 399 ὠς
1159 370 1199 401 ες
1231 354 1276 394 τὸ
1307 353 1483 408 ἔσχατον
1511 359 1637 396 κακοῦ

209 410 453 463 ἀφικόμενοι
492 427 529 452 οι
567 415 638 465 τῆς
677 412 833 462 πόλεως
874 413 1019 468 λόγους
1056 417 1313 471 προσέᾳεοον
1341 435 1432 472 περι
1462 420 1638 474 εἰρήνης,

208 473 431 528 φάσκοιιες
466 476 686 519 πείσεσθαι
727 480 879 527 αὐτούς
924 478 945 521 ὅ
973 497 1012 521 τι
1049 478 1100 522 ἂν
1128 482 1283 523 κελειόι
1304 515 1315 535 ,
1352 485 1422 524 καί
1447 485 1516 524 έπί
1542 485 1637 525 τού-

207 554 291 586 τοις
320 539 582 583 διαλύεσθαι.
652 543 726 584 τὸν
765 546 810 584 δὲ
843 547 1117 597 ξυμβαίνοντα
1157 548 1364 588 αἰτεῖσθαι
1392 550 1471 588 τῶν
1500 549 1669 590 α’στῶνῖ)

208 602 320 651 τινος
351 607 563 658 θυγατέρα
581 638 593 658 ,
621 609 807 661 ευ’πρεπῆ
835 625 879 649 τε
909 605 1037 651 οὖσαν
1066 627 1133 650 και
1166 614 1308 652 πασῶν
1336 612 1386 665 δὴ
1411 615 1489 654 τῶν
1517 615 1561 653 ἐν
1591 614 1638 668 τῇ

207 666 322 709 πόλει
351 673 571 724 λεγομένην
618 668 722 712 εἶιαι
748 674 901 714 καλλίω
932 676 972 729 [,
1009 673 1161 727 ταύτην
1201 691 1254 722 ως
1297 675 1472 718 ἐπίθετο
1499 676 1639 716 κάλλει

207 734 424 785 διενεγκεῖν
451 736 532 774 τῶν
562 738 605 776 ὲν
637 738 690 792 τῇ
721 738 838 777 πόλει
867 742 1092 790 λεγομέιων
1110 736 1247 795 ειναι].
1306 743 1424 795 φέρει
1455 743 1500 781 δὲ
1531 738 1638 793 αὕτη

207 797 230 850 ἡ
261 796 375 846 πόλις
420 800 601 850 μάλιστα
641 800 693 854 δὴ
730 808 926 853 γυναῖκας
969 805 1110 844 κάλλει
1148 803 1431 859 διαφερούσας
1471 807 1554 845 τῶν
1593 806 1638 846 ἐν

207 862 364 940 Ἰταλία
393 867 485 915 μετ’
514 861 646 918 αὕτήν
665 881 708 918 γε
737 869 984 919 παρθένους.
1039 869 1188 922 ταύτην
1218 871 1262 910 δὲ
1292 867 1636 922 αἰαπυιθανόμε-
1653 873 1693 906 10

206 941 273 974 νος
302 925 409 968 οἷ’τω
439 927 552 981 ἔχειν
576 946 619 977 ες
647 928 792 978 κάλλος
824 928 892 986 (ἦν
918 934 963 972 δὲ
991 928 1122 980 ἄλλως
1154 933 1173 974 ὃ
1204 933 1401 986 βασιλεῦς
1421 929 1540 982 ουτος
1569 950 1637 975 και

168 993 248 1039 (ζὲς
286 998 483 1044 >maheng
526 995 728 1048 ἐπιμανὴς
767 1012 834 1036 και
881 995 1162 1051 α’κόλαστος),
1207 997 1448 1050 αἰτοιμειος
1486 999 1639 1053 ταύτην

207 1052 321 1096 αυτῶ
355 1058 532 1110 δοθῆναι
565 1057 638 1112 τήν
667 1064 858 1114 γυναῖκα,
884 1062 954 1101 έπί
978 1064 1029 1116 τῇ
1060 1062 1262 1114 ξυμβάσει
1293 1062 1421 1104 αὐτὸν
1449 1066 1639 1105 συναινέ-

206 1136 279 1160 σαι
310 1120 407 1168 τοὺς
439 1123 692 1176 Τυρρηνούς,
722 1139 790 1164 και
821 1127 1014 1166 κελεῦσαι
1043 1124 1115 1165 τὸν
1134 1127 1302 1178 πατέρα,
1331 1128 1639 1178 σκευασάμενον

206 1183 280 1237 τὴν
310 1189 522 1238 θυγατέρα
571 1189 707 1228 αὐτοῦ
743 1191 801 1244 τῷ
835 1191 1038 1245 καλλίστῳ
1069 1190 1116 1243 ὀὴ
1148 1189 1310 1246 κόσμῳ,
1351 1193 1541 1232 ἐκδοῦναι
1581 1193 1638 1246 τῷ
1653 1197 1692 1229 15

206 1252 389 1300 βασιλεῖ’.
459 1256 600 1303 τυχεῖν
641 1254 686 1294 δὲ
715 1253 860 1306 ἰατρὸν
898 1252 967 1294 τὸν
1008 1256 1082 1306 τῆς
1109 1253 1259 1303 παιδὸς
1289 1253 1438 1308 ταύτης
1466 1258 1640 1308 πατέρα,

206 1311 354 1367 ἥκοντά
385 1330 427 1356 τε
469 1317 511 1363 ές
537 1315 586 1357 τά
628 1319 774 1370 πρῶτα
815 1318 888 1370 τῆς
929 1320 1071 1371 τέχνης
1111 1321 1181 1359 καί
1208 1321 1278 1360 έπί
1308 1326 1454 1373 πεῖραν
1481 1321 1640 1361 πολλῶν

207 1377 468 1433 ἀφικόμενον.
526 1380 580 1428 ὥς
612 1382 648 1421 δ’
681 1382 755 1421 οὐκ
782 1379 962 1435 ἠδύνατο
995 1384 1214 1436 διαφυγεῖν
1232 1382 1336 1424 ὥστε
1360 1385 1417 1438 μή
1448 1387 1640 1426 ἐκδοῦναι

205 1444 277 1496 τήν
304 1447 530 1496 θυγατέρα,
559 1445 886 1498 ἑγκερασάμενον
915 1444 1082 1488 κώνειον
1119 1447 1174 1496 αἷς
1205 1446 1383 1501 ἠδύνατο
1411 1449 1638 1503 ἰσχυρότα-

206 1524 274 1550 τον
300 1510 364 1562 (ὲν
391 1509 442 1562 δὴ
473 1509 602 1565 ταύτῃ
631 1511 680 1565 τῇ
708 1510 825 1551 πόλει
848 1510 1034 1562 μάλιστα
1063 1511 1113 1565 δὴ
1142 1514 1223 1554 τῶν
1240 1514 1282 1554 ἐν
1306 1514 1464 1570 Ἰταλίᾳ
1481 1514 1636 1554 πόλεων
1649 1520 1693 1552 20

208 1575 473 1627 ἐγκιρνῶνται
507 1573 553 1614 τὸ
594 1573 762 1615 κώνειον
792 1571 959 1626 ἄμεινον
986 1578 1065 1617 τῶν
1105 1575 1148 1617 ἐν
1182 1583 1271 1625 ταῖς
1299 1574 1446 1626 ἄλλαις
1473 1579 1634 1631 πόλεσι)

209 1637 281 1680 καί
305 1637 555 1692 έμβοίψαντα
583 1638 626 1680 τὸ
658 1642 812 1681 λέντιον
838 1642 879 1687 ἐς
910 1639 953 1681 τὸ
983 1639 1172 1693 κώνειον,
1201 1644 1382 1697 φέροντα
1415 1645 1556 1684 δοῦναι
1586 1645 1638 1698 τῇ

304 1752 335 1788 7.
362 1754 570 1798 λεγομένων
594 1754 618 1787 P
710 1754 843 1797 ταύτην
870 1774 914 1781 --
938 1754 1047 1797 εἶναι]
1071 1756 1158 1789 haec
1184 1767 1272 1790 unus
1295 1756 1406 1791 codex
1432 1768 1487 1791 om
1583 1754 1635 1788 14.

304 1799 605 1845 ἐσκευασάμενον
629 1800 662 1833 Ρ.

213 1903 399 1936 rhenonum
439 1903 558 1936 urbem
585 1904 809 1945 Florentiam,
834 1916 984 1950 eamque
1010 1906 1176 1939 obsidens
1215 1917 1416 1951 expugnare
1443 1905 1636 1940 nitebatur.

211 1961 290 1982 cum
313 1956 430 1982 antem
456 1950 491 1982 in
522 1951 665 1994 longum
692 1951 787 1984 urbis
815 1951 954 1984 obsidio
984 1952 1228 1985 extraheretur
1252 1959 1412 1997 tempus,
1441 1958 1477 1985 et.
1501 1952 1636 1985 obsessi

211 1996 278 2028 iam
309 1995 354 2028 ad
389 2001 579 2028 extremam
614 1998 794 2030 venissent
822 1998 1088 2038 necessitatem,
1122 2000 1240 2031 ferunt
1265 2010 1325 2031 eos
1351 1999 1387 2031 iu
1415 1999 1635 2042 colloquium

211 2042 348 2074 venisse
372 2053 448 2074 cum
476 2054 566 2085 rege,
600 2048 760 2086 petentes
786 2055 918 2087 pacem,
953 2046 1197 2087 promittentes
1226 2045 1364 2076 interim
1393 2055 1428 2076 se
1453 2050 1636 2089 promptos

210 2094 247 2120 et
272 2093 410 2131 paratos
434 2099 508 2120 esse
535 2089 650 2120 facere
670 2100 903 2143 quaecunque
928 2090 1146 2134 imperasset,
1163 2091 1286 2123 saltem
1303 2101 1420 2135 picem
1450 2090 1548 2122 daret
1572 2101 1635 2134 pe-

211 2134 382 2170 tentibus
443 2146 593 2179 quorum
629 2135 789 2178 precibus
825 2137 936 2168 victus
977 2137 1170 2179 postulavit
1202 2137 1286 2168 civis
1324 2135 1501 2168 cuiusdam
1529 2136 1635 2169 filiam

213 2180 323 2212 torma
349 2180 578 2212 excellentem
605 2192 724 2213 omnes
751 2193 840 2225 quae
867 2187 940 2214 tum
965 2183 1002 2214 in
1029 2193 1068 2214 ea
1098 2182 1181 2214 urbe
1207 2183 1379 2214 formosae
1403 2181 1636 2216 habebantur.

212 2227 304 2258 lianc
339 2237 415 2258 cum
451 2227 642 2270 accepisset
678 2228 811 2262 formae
848 2228 1022 2270 elegantia
1065 2239 1187 2260 omnes
1219 2238 1384 2281 superare
1421 2228 1505 2273 (fert
1541 2229 1635 2261 enim

213 2272 297 2304 urbs
322 2272 387 2304 ista
414 2273 577 2304 mulieres
602 2273 638 2304 iu
665 2274 784 2316 primis
811 2273 921 2305 sorma
957 2279 1175 2317 praestantes
1209 2274 1431 2318 virginesque
1458 2274 1635 2307 venustis-

213 2319 354 2363 simas),
381 2329 457 2350 eam
486 2318 590 2362 petiit
614 2318 681 2350 sibi
709 2330 850 2350 uxorem
889 2319 984 2359 dari,
1011 2330 1086 2351 cum
1122 2320 1157 2351 in
1190 2320 1406 2363 colloquium
1433 2331 1508 2351 cum
1543 2320 1635 2362 Tyr-

214 2364 332 2397 rhenis
359 2376 465 2408 super
492 2375 576 2408 pace.
601 2364 776 2406 iungenda
803 2365 966 2398 venisset.
1026 2371 1100 2397 erat
1126 2366 1218 2397 enim
1246 2377 1304 2397 rex
1329 2366 1390 2397 ille
1416 2371 1551 2398 caetera
1579 2367 1637 2398 in-

214 2416 413 2454 temperans
440 2415 476 2443 et
495 2410 816 2449 libidinosissimus,
842 2416 877 2443 et
901 2415 1036 2443 tantum
1051 2422 1122 2443 non
1149 2411 1346 2443 insaniebat
1372 2423 1490 2444 amore
1509 2412 1636 2444 mulie,-

216 2468 301 2488 rum.
329 2458 506 2489 iusserunt
533 2458 652 2500 itaque
667 2456 842 2499 Tyrrheni
873 2462 911 2489 ut
940 2462 1038 2500 pater
1062 2458 1205 2500 virginis
1235 2467 1308 2488 eam
1336 2469 1439 2501 quam
1468 2457 1634 2501 pulcher-

216 2503 300 2534 rime
324 2508 526 2535 exornatam
553 2503 623 2545 regi
650 2503 817 2535 traderet.
873 2503 973 2535 aiunt
997 2504 1136 2546 puellae
1171 2509 1301 2547 patrem
1331 2504 1436 2536 fuisse
1461 2505 1635 2535 medicum

213 2549 413 2590 insignem,
446 2548 536 2581 adeo
571 2555 608 2580 ut.
638 2549 742 2580 facile
778 2560 898 2581 omues
925 2560 964 2580 ea
1000 2549 1167 2580 facultate
1193 2555 1382 2592 superaret.
1430 2561 1506 2582 cum
1533 2551 1637 2592 igitur

214 2595 324 2626 multa
362 2600 534 2634 tentaret,
577 2606 643 2628 nee
676 2601 792 2628 tamen
833 2600 952 2638 posset
989 2596 1062 2626 ulla
1089 2596 1223 2627 ratione
1249 2596 1316 2627 sibi
1342 2596 1524 2628 consulere
1549 2596 1636 2639 qu'n

214 2640 318 2672 filiam
349 2642 418 2683 regi
444 2641 555 2678 duret,
579 2642 797 2674 commiscuit
823 2642 970 2673 cicutam
997 2652 1101 2684 (fluam
1131 2643 1249 2685 potuit
1273 2641 1550 2674 efficacissimam.
1601 2642 1637 2673 in

214 2686 279 2718 ista
305 2698 457 2732 namque
473 2688 596 2722 ltaliae
622 2687 707 2721 urhe
726 2688 876 2721 cicutam
894 2688 1116 2721 commiscere
1143 2688 1259 2721 solent
1284 2687 1508 2721 efficaciorem
1533 2696 1637 2732 quam
