1832 3216
509 201 582 240 DE
621 199 792 240 REBUS
815 197 1072 240 TUnclcls
1115 198 1163 238 L.
1190 198 1262 239 lV.
1534 191 1624 235 171

165 297 363 355 Τεμὴρεω
388 300 600 353 βασιλέως
625 297 842 350 ἐκομίζετο
868 294 941 338 ἐπὶ
963 295 1041 350 τὴν
1070 293 1272 353 πατρῴαν
1297 292 1442 348 χώραν
1463 294 1535 334 καί
1562 291 1634 334 ἐπὶ

160 364 391 421 θαλάττης.
458 364 714 421 ἀφικόμενος
748 364 796 406 δὲ
834 363 906 406 ἐπὶ
945 360 1048 411 τούς
1084 359 1304 416 Ὁμούρεω
1346 361 1501 408 παῖδας
1530 358 1675 408 wirce

159 431 519 485 Μουσουλμάνεω
552 429 779 483 πολεμίους
823 427 895 471 διὰ
935 427 1014 484 τὴν
1046 427 1152 483 πρὸς
1184 426 1255 470 τὸν
1290 427 1456 482 Ἰησοῦν
1486 425 1642 475 αὐτῶν,

158 501 436 552 συμμαχίαν,
476 496 548 539 ἐπὶ
575 497 768 551 Σινώπην
795 511 839 538 τε
874 496 948 536 καί
977 495 1273 548 Καστάμονα,
1315 497 1390 536 καί
1430 494 1631 535 ἐντεῦθεν

125 563 232 608 5ἕπὶ
258 567 422 607 Δακιάν
451 562 605 616 διαβὰς
636 561 708 604 διὰ
739 564 817 603 τοῦ
835 561 1038 613 Εὐξείνου
1070 560 1222 602 πόντου
1252 560 1326 602 καί
1354 562 1424 601 ἐπὶ
1442 557 1629 615 Μύρξαν
1644 567 1749 602 ν.72

157 629 231 673 τὸν
261 633 426 680 Δακίας
454 628 664 686 ἡγεμόνα,
698 625 815 686 αὐτῷ
843 643 888 669 τε
917 629 1120 682 διελέχθη
1149 626 1201 669 τά
1233 643 1279 668 τε
1309 622 1445 679 ἄλλα,
1475 628 1548 667 καί
1577 621 1632 673 ὥς

159 693 212 752 ἢν
242 695 315 740 ἐπὶ
339 696 415 752 τήν
451 698 671 750 βασιλείαν
710 694 1066 750 συνεπιλοὶβηται,
1097 694 1246 736 δοῦναι
1277 692 1394 750 αὐτῷ
1422 691 1633 747 πρόσοδον

160 764 206 806 ἐν
234 765 289 821 τῇ
318 763 508 821 Εὕρώπῃ
550 762 624 803 καί
649 760 799 815 χώραν
841 763 918 802 ου’κ
946 762 1101 816 ὀλίγην.
1169 758 1275 815 πρός
1306 774 1351 801 τε
1381 758 1461 815 γάρ
1486 754 1631 811 Ἕλλη-

161 845 238 879 νας
269 832 449 882 πολέμια
482 825 533 883 ἦν
561 830 690 887 αὐτῷ,
723 826 882 870 ἐπείτε
916 827 1107 883 Μὺρξεω
1136 828 1271 869 παῖδα
1296 826 1436 868 αὐτοῦ
1469 825 1514 866 ἐν
1543 827 1632 866 Bv..

105 905 149 941 10
162 897 312 954 ζαντίῳ
343 895 612 948 ὑπεδέξαντο,
641 897 714 937 καί
734 895 939 949 ὗπέχοντο
957 894 1034 949 τήν
1063 891 1203 949 ἀρχήν
1233 895 1348 950 αὐτῷ
1366 891 1471 946 μετά
1500 893 1632 933 Mov-

158 961 409 1015 σουλμάνεω
441 963 684 1016 ἐπιτηδείου
706 959 1144 1016 συγκατεργάσεσθαι.
1204 954 1324 1009 οὗτος
1351 960 1430 1011 μὲν
1456 953 1530 999 οὖν
1561 956 1632 999 τόν

156 1044 203 1072 τε
227 1029 428 1083 Μωῦσῆν
466 1028 699 1078 ὑπεδέξατο
737 1023 940 1083 ἅσμενος,
973 1030 1046 1070 καί
1076 1027 1193 1085 αὐτῷ
1222 1029 1452 1081 παρείχετο
1482 1023 1557 1077 τήν
1586 1038 1630 1065 τε

157 1096 328 1138 δίαιταν
367 1096 440 1136 καί
465 1093 518 1136 τὰ
547 1091 791 1150 ἐπιτήδεια,
820 1094 892 1136 καί
920 1092 996 1136 τὸν
1038 1091 1218 1149 στρατὸν
1248 1094 1294 1135 δὲ
1324 1089 1438 1150 αὐτῷ
1470 1091 1674 1132 ε’ὸ“ι’ὃου.1)

157 1162 354 1204 ἐντεῦθεν
380 1163 428 1204 δὲ
455 1160 514 1210 ὥς
540 1163 584 1209 ἐς
610 1159 688 1216 τήν
714 1163 862 1204 Ἀσίαν
875 1158 1226 1215 Μουσουλμοὶνης
1252 1160 1379 1212 α’πῆν,
1411 1155 1632 1211 ἐπιρρεόν-

103 1238 240 1274 15των
267 1227 381 1286 αὐτῷ
408 1230 490 1271 τῶν
518 1226 602 1269 cino
629 1230 706 1283 τῆς
735 1227 948 1282 Εὐρώπης
972 1224 1067 1279 ὅσοι
1093 1222 1276 1281 ἤχθοντο
1301 1221 1630 1280 Μουσουλμοὶνῃ

159 1295 238 1338 οιῖκ
265 1289 316 1336 εὖ
345 1295 568 1351 φερόμενοι
608 1298 710 1348 παρ’
741 1295 857 1350 αὐτῷ
874 1329 886 1349 ,
914 1295 988 1335 καί
1017 1292 1264 1348 ὁρμώμενος
1293 1292 1435 1346 λαβών
1462 1306 1507 1333 τε
1533 1290 1628 1332 τού-

159 1376 259 1411 τους
289 1362 365 1404 καί
391 1362 475 1403 dud
509 1363 665 1405 Δακῶν
693 1360 878 1414 στρατὸν
907 1359 1069 1416 ἱκανὸν,
1099 1360 1385 1412 ἐπισπομένου
1416 1358 1533 1416 αὐτῷ
1560 1360 1634 1400 καί

166 1427 307 1470 Ta'vov
338 1429 414 1470 τοῦ
453 1429 606 1472 Δακῶν
639 1427 857 1483 ἡγεμόνος,
904 1426 980 1481 τήν
1007 1442 1054 1469 τε
1085 1422 1300 1482 Εὖροόπην
1331 1427 1533 1478 κατέσχε,
1560 1426 1635 1466 καί

161 1492 235 1537 ἐπὶ
260 1492 312 1536 τοὶ
357 1494 557 1549 βασίλεια
595 1496 669 1550 τῆς
708 1493 936 1548 Ἀδριανοῦ
979 1494 1140 1542 πόλεως
1168 1490 1334 1547 παριών
1366 1488 1637 1546 καθειστήκει

102 1571 206 1608 201⁶
231 1560 457 1614 βασιλεύς,
483 1563 558 1603 καί
594 1562 667 1603 ε’πί
695 1558 769 1602 τὸν
795 1559 985 1616 ἀδελφὸν
1020 1562 1062 1609 ἐς
1091 1558 1168 1613 τὴν
1197 1560 1344 1602 Ἀσίαν
1373 1555 1637 1613 παρεσκευά-

162 1629 258 1680 ζετο
304 1625 629 1683 στρατεύεσθαι.
697 1628 1045 1682 Μουσουλμοὶνης
1092 1627 1138 1668 δὲ
1180 1625 1372 1680 ἠπείγετο
1408 1627 1482 1666 καί
1506 1623 1636 1674 αότὸς

253 1732 289 1767 9.
314 1734 383 1770 ἐπί
409 1735 433 1768 Ρ

162 1836 318 1878 Tenuit-e,
345 1837 433 1869 mari
458 1836 707 1870 advehebatur
732 1837 778 1870 ad
805 1838 955 1883 patriam
986 1838 1183 1881 regionem.
1211 1835 1408 1870 adveniens
1434 1841 1555 1868 autem
1585 1835 1631 1868 ad

162 1883 318 1917 Homiris
339 1884 447 1923 filios,
474 1885 711 1918 Mulsumanis
737 1885 871 1926 hostes,
916 1885 1002 1930 quia
1037 1886 1135 1918 socia
1171 1895 1269 1917 arma
1296 1883 1526 1917 contulerant
1552 1894 1633 1916 cum

162 1931 258 1972 lesu,
277 1930 450 1964 accedens
470 1943 615 1978 quoque
630 1933 792 1978 Sinopen
812 1938 849 1966 et
862 1933 1123 1973 Castamonem,
1141 1939 1176 1965 et
1190 1932 1274 1965 hinc
1292 1932 1329 1964 in
1346 1931 1492 1964 Daciam
1516 1935 1631 1963 trans-

162 1978 272 2011 misso
299 1978 439 2012 Euxiuo
470 1985 583 2024 ponto
618 1980 855 2025 perveniens,
892 1980 938 2012 ad
980 1980 1204 2025 colloquium
1239 1991 1318 2012 cum
1346 1979 1471 2021 Myrxa
1500 1978 1632 2010 Daciae

163 2026 273 2071 (quae
300 2030 338 2059 et
362 2025 502 2073 servia)
527 2027 712 2072 praesecto
738 2027 850 2060 venit.
901 2028 996 2060 inter
1031 2033 1174 2060 caetera
1198 2038 1284 2060 vero
1310 2026 1394 2059 talis
1416 2031 1493 2058 erat
1521 2025 1633 2058 Mosis

161 2072 316 2118 petitio:
340 2073 372 2111 §i
402 2074 478 2106 eius
504 2074 641 2107 auxilio
682 2075 828 2108 adiutus
854 2085 917 2107 rex
941 2081 1145 2115 crearetur,
1174 2086 1211 2107 se
1242 2074 1407 2107 daturum
1435 2074 1467 2105 ei
1495 2071 1634 2106 reditus

161 2130 308 2164 magnos
346 2119 385 2153 in
423 2121 567 2167 Europa
605 2127 643 2154 et
682 2123 945 2166 assignaturum
989 2124 1169 2166 regionem
1213 2133 1287 2154 non
1315 2120 1504 2153 modicam.
1556 2125 1633 2153 erat

162 2167 259 2200 enim
287 2167 506 2201 Graecorum
539 2168 666 2203 hostis.
715 2175 902 2215 praeterea
945 2170 1103 2213 Byzantii
1141 2170 1256 2202 filium
1282 2169 1430 2211 Myrxae
1462 2178 1632 2212 suscepe-

165 2219 262 2256 runt,
287 2215 602 2262 promiseruntque
629 2228 666 2249 se
693 2216 777 2250 huic
806 2223 842 2250 et
855 2217 1072 2250 Mulsumani
1102 2228 1250 2261 regnum
1276 2215 1483 2249 tradituros.
1536 2215 1633 2257 Myr-

161 2273 223 2294 xas
247 2261 398 2307 quidem
426 2263 552 2297 Mosen
583 2265 740 2308 henigne
785 2264 1002 2310 lubentique
1040 2265 1160 2298 auimo
1188 2263 1410 2308 excipiebat,
1440 2263 1548 2308 eique
1576 2263 1632 2294 vi-

162 2314 259 2342 ctum
287 2314 324 2343 et
349 2312 547 2344 necessaria
583 2313 848 2357 promptissime
883 2312 1163 2358 suppeditabat3
1191 2311 1308 2344 eidem
1342 2311 1538 2343 exercitum
1566 2308 1629 2341 de·-

162 2354 228 2389 dit.
278 2367 357 2389 cum
393 2364 513 2391 autem
551 2358 714 2406 undique
752 2360 797 2392 ad
827 2359 923 2392 huuc
957 2359 1182 2393 confluerent
1213 2371 1255 2392 ex
1284 2358 1422 2402 Europa
1450 2361 1634 2402 quotquot

164 2401 296 2436 infensi
324 2411 428 2443 erant
456 2406 677 2440 Mulsumani
706 2408 846 2452 (aberat
865 2408 959 2440 enim
987 2408 1023 2439 iu
1052 2407 1134 2440 Asia
1164 2407 1307 2451 agens),
1336 2405 1421 2450 quia
1446 2416 1521 2437 nou
1547 2405 1632 2438 satis

163 2449 272 2494 digne
297 2450 341 2483 ab
366 2452 445 2497 ipso
469 2458 722 2495 tractarentur,
747 2454 1020 2500 expeditionem
1059 2456 1213 2500 sumpsit
1241 2459 1365 2486 contra
1386 2452 1544 2494 fratrem,
1572 2462 1633 2484 as-

163 2497 316 2542 sumptis
352 2505 534 2545 quotquot
572 2507 825 2535 convenerant.
889 2501 1020 2535 habuit
1051 2508 1087 2534 et
1125 2503 1301 2534 Dacorum
1331 2499 1527 2532 exercitum
1551 2510 1631 2531 ma-

163 2554 295 2588 gnum,
329 2557 407 2578 cum
434 2548 532 2592 prius
558 2549 712 2583 Tainum
738 2561 861 2583 eorum
899 2549 1026 2582 ducem
1050 2549 1118 2582 sibi
1144 2548 1385 2581 conciliasset.
1435 2545 1491 2578 his
1517 2546 1630 2592 copiis

163 2592 362 2626 instructus
387 2594 560 2640 Europam
605 2596 770 2641 subegit3
803 2603 840 2630 et
863 2596 1152 2642 Adrianopolim,
1179 2606 1271 2641 quae
1304 2594 1403 2638 regni
1429 2592 1533 2626 sedes
1562 2599 1629 2634 est,

164 2640 348 2684 profectus
372 2641 423 2673 ibi
448 2653 510 2676 rex
535 2643 735 2677 declaratus
761 2649 825 2678 est.
876 2645 960 2677 huic
989 2645 1128 2676 animus
1169 2648 1246 2675 erat
1274 2642 1382 2674 etiam
1407 2647 1530 2674 contra
1559 2642 1630 2674 fra-

166 2691 257 2719 trem
280 2687 319 2719 in
350 2688 468 2722 Asiam
508 2691 685 2724 exercitus
720 2703 877 2725 movere.
927 2692 1173 2724 Mulsumaues
1209 2688 1306 2722 haud
1333 2689 1478 2722 interim
1507 2699 1629 2721 socor-

167 2732 248 2767 diae
274 2734 451 2768 obnoxius
478 2742 566 2778 erat,
591 2748 715 2773 verum
739 2738 937 2773 festinabat
965 2744 1002 2772 et
1028 2739 1127 2783 ipse,
1155 2742 1195 2770 ut
1219 2737 1365 2770 fratrem
1390 2737 1629 2782 praeveniret,

166 2781 380 2816 traiieiendo
408 2783 526 2829 copias
553 2785 592 2819 in
620 2787 749 2819 Asiam.
800 2786 869 2820 hoc
892 2797 1005 2819 unum
1042 2784 1234 2818 videbatur
1262 2786 1407 2831 utrique
1432 2784 1626 2821 consultis-
