1748 3210
210 199 306 242 202
527 201 744 243 LAONlCl
790 201 1297 258 CIIALCOCONDYLAE

209 298 282 340 καί
306 300 349 345 ἐς
375 298 515 352 μάχην
553 302 823 341 καθίστανται
843 331 856 352 ,
886 302 1114 353 ἐπείγονται
1144 298 1370 351 ἐπαμύνειν
1394 298 1646 354 βουλόμεναι

209 363 279 404 ἐπὶ
321 362 397 416 τὴν
435 365 775 419 Πελοποννησίαν
811 367 930 406 ναῦν.
1010 366 1191 405 ἐνταῦθα
1230 363 1278 418 δὴ
1320 363 1364 406 αἱ
1393 366 1537 407 λοιπαί
1561 369 1644 406 ταῖν

213 427 426 468 Οῦενεταῖν
455 428 637 481 τριήρεις
664 430 909 470 κατιδοῦσαι
936 427 981 469 τὸ
1013 429 1190 481 γεγονός,
1219 427 1274 476 ὥς
1303 428 1371 471 ἐπὶ
1397 429 1471 484 τὴν
1497 433 1645 484 σφετέ-

209 507 288 544 ραν
315 490 359 532 αἱ
393 494 653 546 βαρβαρικαὶ
697 495 791 546 νῆες
821 495 1074 546 ἐπείγονται,
1104 491 1376 547 ἀντανήγοντο
1421 496 1492 535 καί
1519 489 1645 536 αὗται

211 555 282 596 ἐπὶ
307 556 557 609 ναυμαχίαν.
614 556 686 598 καί
718 558 772 605 ὥς
801 558 1080 610 ἐναυμάχουν,
1112 559 1330 600 διέκπλουν
1356 574 1399 600 τε
1427 558 1678 613 &nonium-5

212 634 270 672 w,
299 622 372 660 καί
397 621 702 671 καταδύσαντες
727 624 828 671 ναῦς
847 626 892 663 τέ
913 637 1024 669 τινας
1053 622 1124 663 καί
1155 621 1435 676 ζωγρήσαντες
1462 623 1538 671 τοὶς
1557 627 1645 663 λοι-

213 683 294 732 πὰς
323 686 365 732 ές
399 684 474 738 τήν
509 687 584 739 γῆν
627 685 857 739 ἐτρέψαντο
885 686 956 726 καί
989 689 1179 740 ἐνίκησαν
1211 687 1413 740 Ουένετοί,
1440 690 1541 736 ναῦς
1570 691 1648 728 λα-

170 749 353 800 ῡβόντες
382 752 464 789 τῶν
491 749 717 802 βαρβάρων
735 751 1015 804 τρισκαίδεκα,
1054 750 1173 798 κενὰς
1194 751 1240 791 δὲ
1269 750 1343 799 τὰς
1367 754 1551 800 πλείους·
1609 750 1648 792 οἱ

213 811 293 866 γάρ
330 815 520 867 Τοῦρκοι,
549 812 606 863 ὥς
634 814 843 856 ἁλίσκοιτο
873 815 895 868 ἡ
927 817 1042 868 ναῦς,
1069 814 1110 863 ἐς
1137 815 1212 869 τὴν
1241 814 1454 857 θάλατταν
1484 815 1648 857 ἔπιπτον

214 878 284 918 καί
311 880 465 926 ε’ξένεον
494 879 563 920 ἐπὶ
591 878 665 932 τήν
694 881 783 933 γῆι.
813 878 998 920 ἐνταῦθα
1019 879 1075 927 ὥς
1107 875 1186 934 ἤδη
1215 879 1394 932 πόλεμον
1422 885 1508 928 τοῖς
1538 882 1645 922 Ουέ-
1662 889 1705 923 10

214 949 342 990 νετοῖς
377 945 634 994 α’νελομένοις
664 945 767 998 πρὸς
805 945 980 996 βασιλέα
1008 947 1252 999 ΙΙἸεχμέτην,
1284 943 1354 998 τήν
1382 959 1426 985 τε
1455 938 1647 997 Λάμψα-

213 1022 283 1046 κον
314 1011 531 1064 πολιορκίᾳ
576 1007 887 1062 παρεστήσαντο
926 1007 998 1048 καί
1039 1009 1231 1062 φυλακήν
1261 1011 1548 1063 ἐγκατέλιπον,
1579 1009 1650 1050 καί

214 1071 336 1112 αὐτοί
362 1068 515 1127 ᾤχοντο
544 1071 605 1113 ἐπ’
649 1072 763 1114 οἴκου
808 1074 1088 1120 ἀποπλέοντες.
1159 1076 1340 1115 ἐνταῦθα
1367 1076 1506 1125 μέντοι
1537 1075 1649 1115 οἵτε

217 1137 413 1177 Ουένετοί
439 1138 587 1177 τοῦτον
613 1137 683 1179 τὸν
707 1139 946 1191 στρατηγόν,
977 1135 1020 1185 ὃς
1050 1141 1303 1191 περιεγένετο
1328 1141 1404 1179 τοῦ
1433 1140 1512 1179 τῶν
1540 1142 1648 1192 βαρ-

211 1200 353 1253 βάρων
378 1200 541 1253 στόλου,
573 1197 720 1256 ἤγοντο
771 1204 956 1243 θανάτου
990 1202 1046 1250 ὠς
1076 1201 1268 1256 πρότερον
1294 1201 1531 1256 ὑπάρξαντα
1557 1203 1648 1244 (ἰδι-
1663 1215 1704 1248 15

215 1269 304 1312 κιάς
332 1267 404 1306 καί
435 1266 632 1308 λελυκότα
662 1266 737 1314 τοὶς
765 1265 946 1313 σπονδὰς
975 1265 1090 1321 παρὰ
1123 1267 1172 1308 τὰ
1207 1269 1489 1318 ἐπεσταλμένα
1520 1267 1646 1324 αύτῷ.

215 1330 284 1370 καί
313 1332 356 1370 ἐν
393 1332 484 1387 δίκῃ
522 1329 737 1384 γενόμενος
777 1331 892 1385 παρὰ
937 1333 1153 1379 δικασταῖς
1192 1330 1381 1386 ἀπελύθη
1425 1330 1484 1384 μὴ
1526 1331 1649 1380 αῦτὸς

87 1407 121 1441 p,
137 1405 203 1440 108
216 1395 413 1447 πρότερος
439 1394 622 1450 ὑπάρξαι
649 1397 722 1437 τοῦ
752 1395 854 1450 πρὸς
882 1396 1098 1450 βάρβαρον
1127 1399 1322 1448 πολέμου.
1377 1401 1464 1447 μετ’
1495 1396 1547 1436 ου’
1573 1411 1650 1437 πο-
1687 1424 1694 1434 .

213 1461 291 1502 λύν
320 1462 366 1502 δὲ
393 1459 542 1515 χρόνον
570 1458 943 1516 διεπρεσβειῗσαντο
975 1463 1048 1502 καί
1074 1460 1539 1516 σπονδὰςέἑποιὴσαντο.

320 1521 382 1573 Ἐς
426 1525 595 1574 τούτους
636 1529 713 1579 μὲν
743 1522 818 1566 οὖν
848 1523 978 1574 οὕτως
1015 1525 1112 1579 ἔσχε
1137 1528 1193 1581 τῷ
1219 1529 1390 1578 βασιλεῖ’
1414 1527 1617 1580 Μεχμέτῃ
1635 1540 1707 1574 ⁸20

100 1600 142 1634 V.
156 1600 201 1634 85
213 1596 296 1638 τοῖς
323 1593 369 1631 δὲ
390 1587 580 1645 “Έλλησιν
607 1589 839 1645 ἐπιτήδειός
871 1606 914 1630 τε
940 1590 1012 1631 καί
1041 1588 1227 1644 συνήθης
1256 1586 1371 1643 ἠξίου
1401 1587 1651 1644 θεραπεύειν

214 1652 308 1696 ὅτου
334 1652 386 1698 ἂν
415 1656 633 1710 δεήσαιντο
659 1657 756 1710 παρ’
782 1653 917 1712 ἑαυτῷ
946 1657 998 1697 δι’
1026 1654 1164 1697 αἰτίαν
1189 1655 1326 1709 τήνδε.
1384 1654 1651 1709 Μουσταφᾶς

217 1844 401 1885 occeptum
424 1841 613 1884 praelium,
639 1845 674 1873 et
700 1840 796 1884 ipsae
821 1839 866 1871 ad
894 1839 1068 1883 praelium
1096 1849 1132 1870 se
1157 1837 1428 1880 convertebant3
1458 1837 1648 1871 festinant-

217 1898 288 1932 que
313 1887 485 1931 impetum
521 1888 557 1918 in
598 1887 936 1930 Peloponnesiacum
976 1896 1099 1917 navem
1138 1883 1263 1917 dantes
1298 1885 1462 1916 resistere
1499 1885 1648 1917 fortiter.

216 1932 348 1966 Veneti
373 1938 412 1966 ut
436 1932 601 1966 viderunt
628 1932 726 1978 quod
750 1932 953 1977 parabatur,
975 1931 1144 1964 videlicet
1171 1931 1317 1963 classem
1344 1930 1510 1963 hostilem
1531 1931 1651 1963 incur-

217 1989 295 2011 sare
325 1980 360 2011 in
387 1979 726 2023 Peloponnesiacum
761 1979 949 2017 triremem,
977 1978 1042 2022 ipsi
1079 1988 1223 2022 quoque
1249 1977 1295 2009 ad
1323 1977 1449 2009 navale
1471 1983 1651 2010 certamen

217 2025 502 2068 accingebantur.
551 2027 695 2058 interim
723 2024 806 2057 dum
826 2025 978 2057 ferveret
996 2024 1183 2069 praelium,
1207 2023 1420 2066 navigabant
1444 2033 1509 2067 per
1530 2033 1650 2055 omnes

217 2072 374 2104 hostium
399 2082 517 2110 naves,
545 2071 716 2116 quasdam
741 2071 844 2104 remis
869 2070 912 2102 ad
937 2071 1020 2102 litus
1038 2075 1190 2114 agentes.
1238 2069 1366 2102 Veneti
1393 2069 1428 2100 in
1453 2068 1547 2100 hunc
1570 2079 1651 2101 mo·-

218 2117 302 2151 ‹lum
325 2118 474 2151 victoria
498 2119 604 2162 potiti
629 2122 724 2158 sunt,
753 2118 932 2162 capientes
949 2127 1055 2149 naves
1084 2116 1282 2148 barbaricas
1309 2113 1487 2154 tredecim,
1513 2115 1648 2160 pleras-

218 2175 288 2209 que
315 2170 432 2197 tamen
456 2175 604 2197 vacuas:
629 2175 710 2196 nam
735 2164 842 2197 Turci
878 2163 938 2194 ubi
969 2167 1150 2195 senserant
1173 2172 1290 2201 naves,
1315 2162 1352 2193 in
1378 2161 1509 2205 quibus
1534 2167 1647 2202 erant,

219 2211 290 2243 iam
315 2210 504 2255 capiendas
523 2234 533 2251 ,
556 2211 593 2242 in
630 2220 724 2242 mare
749 2221 785 2242 se
814 2207 1030 2241 abiiciebant
1066 2214 1102 2240 et
1126 2209 1163 2240 in
1189 2215 1314 2240 terram
1337 2207 1538 2240 enatabant.
1589 2219 1651 2239 eo-

221 2256 302 2290 dem
336 2263 495 2301 tempore
526 2267 605 2288 cum
644 2257 747 2288 armis
788 2260 954 2299 urgerent
983 2254 1113 2287 Veneti
1148 2253 1396 2293 Mechmetem,
1424 2253 1650 2298 Lampsacum

222 2302 420 2336 obsidendo
451 2303 489 2335 in
526 2302 702 2335 dicionem
729 2307 961 2346 acceperunt3
997 2301 1120 2345 ibique
1146 2299 1324 2344 praesidio
1351 2299 1476 2332 relicto
1508 2299 1650 2332 domum

223 2350 352 2382 reversi
377 2355 472 2382 sunt.
518 2349 649 2383 Veneti
671 2348 795 2381 ducem
821 2348 923 2380 illum
948 2347 1009 2391 qui
1035 2347 1168 2391 praelia
1194 2345 1347 2378 secunda
1371 2350 1495 2378 contra
1519 2346 1650 2378 barba-

223 2407 278 2429 ros
306 2397 450 2436 fecerat,
477 2406 651 2429 reversum
677 2396 800 2440 capitis
824 2393 1048 2426 accusabant.
1097 2393 1234 2424 crimini
1252 2392 1413 2432 dabatur,
1437 2391 1533 2437 quod
1556 2393 1653 2437 prior

221 2448 363 2488 praeter
399 2443 454 2474 ius
481 2447 518 2474 et
541 2453 714 2487 aequum,
748 2447 783 2474 et
818 2445 958 2486 praeter
989 2440 1211 2483 magistratus
1243 2439 1450 2482 imperium,
1480 2439 1652 2483 praelium

221 2490 359 2521 iniisset
382 2488 599 2533 foederaque
624 2487 793 2531 fregisset.
841 2496 918 2519 cum
941 2487 978 2518 in
1003 2485 1099 2518 hunc
1122 2485 1265 2518 modum
1294 2485 1420 2530 capitis
1445 2485 1652 2531 anquirere·

222 2542 290 2575 tur,
315 2535 461 2567 crimine
484 2535 668 2568 absolutus
694 2539 747 2566 est
773 2539 812 2567 ut.
836 2534 897 2577 qui
922 2532 1095 2576 praelium
1119 2531 1214 2564 haud
1239 2532 1336 2576 prior
1361 2531 1564 2575 incepisset.
1588 2541 1652 2562 nec

223 2587 381 2625 tempore
419 2582 533 2614 multo
562 2580 787 2624 'interposito
829 2579 1027 2622 legationes
1065 2579 1158 2612 ultro
1200 2579 1362 2623 citroque
1394 2578 1522 2612 missae
1559 2578 1653 2610 inter

223 2634 392 2670 utrosque
414 2639 535 2671 pacem
560 2628 630 2660 icto
656 2626 798 2660 foedere
824 2630 1026 2659 sanxerunt.

316 2674 532 2707 Mecbmetes
556 2673 715 2718 quidem,
741 2671 1036 2718 quemadmodum
1052 2673 1249 2715 accepimus
1271 2670 1387 2711 modo,
1405 2680 1483 2714 erga
1497 2668 1652 2702 Venetos

224 2722 368 2753 affectus
397 2725 482 2754 erat.
509 2721 652 2753 Graecis
678 2729 759 2754 vero
778 2726 852 2752 erat
877 2729 1046 2763 perquam
1074 2718 1264 2758 familiaris,
1291 2727 1423 2762 eosque
1442 2715 1558 2749 colere
1587 2725 1652 2747 cu·
