1858 3210
460 213 532 252 DE
572 211 747 252 nenos
785 209 1201 254 Tuncicisr„1x.
1475 199 1571 249 451

112 315 292 370 ρείχετο.
349 311 521 366 τοιαύτη
564 311 646 364 γάρ
698 310 721 364 ἦ
765 308 878 366 φορὰ
922 311 998 351 τοῦ
1025 312 1151 352 λίθου
1186 311 1259 350 καί
1286 311 1485 363 δαιμονία
1513 323 1580 357 τις

113 375 224 422 οὖσα
250 380 400 430 θαῦμα
432 381 693 431 παρέχεται,
723 378 818 419 ἐπεὶ
853 378 927 418 καί
954 376 1182 430 α’ποτυχών
1209 377 1283 418 τοῦ
1315 378 1480 430 τείχους
1509 374 1585 417 καὶ

113 446 413 501 μετεωρισθείς
448 445 522 486 καί
562 442 728 494 διεξιών
756 441 832 495 τήν
859 442 982 485 πόλιν
1028 441 1071 491 ἐς
1096 442 1143 483 τὸ
1175 443 1354 484 ἐπίνειον
1383 444 1458 497 τῆς
1490 444 1584 484 Κο-

118 515 270 567 ρίνθου
302 509 490 564 ἐνεχθεὶς
507 507 645 562 ἔπεσε,
673 511 871 558 σταδίους
897 506 1081 562 μάλιστά
1099 525 1180 550 που
1210 507 1253 559 ἐς
1280 510 1583 564 τεσσαρεσκαί-

82 579 219 621 saeua
247 575 646 633 παραμειψάμενος.
703 571 812 619 εἷλκε
843 576 890 617 δὲ
920 574 941 617 ὅ
959 577 1077 625 λίθος
1106 573 1210 618 ἑπτὰ
1238 575 1436 618 τάλαντα.
1476 572 1585 618 οὕτω

115 647 196 700 μὲν
224 639 300 686 οὖν
327 643 401 699 τὴν
433 643 556 685 πόλιν
585 643 758 686 ἔτυπτεν
785 641 1035 696 ἑπίσυχνοὶς
1064 641 1237 696 ἡμέρας.
1294 642 1368 684 καί
1389 641 1426 684 οἶ
1458 644 1502 685 έν
1534 644 1624 700 τῇΒ

117 710 241 754 πόλει
279 712 566 759 ἐπιλείποντος
605 711 681 752 τοῦ
721 711 841 751 σίτου
881 709 1080 763 χαλεπῶς
1122 706 1300 763 ἔφερον,
1332 709 1404 750 καί
1440 709 1589 763 λόγους

119 779 315 821 ἐδίδοσαν
330 774 536 832 ἀλλήλοις,
554 775 808 832 ἀφικόμενοι
826 777 868 825 ἐς
889 774 961 817 τόν
983 774 1143 824 πόλεως
1162 775 1378 828 α’ρχιερέα.
1406 774 1591 828 Ἀσὰνης

119 847 198 899 μὲν
227 839 306 886 οὖν
336 849 503 897 κατεῖχε
523 841 569 885 τὸ
592 844 753 897 πλῆθος
781 839 891 884 ὥστε
911 841 1160 895 ἀνέχεσθαι,
1185 840 1414 895 α’ρχιερεὺς
1446 843 1492 883 δὲ
1521 844 1592 893 τῆς

60 916 108 951 10
121 912 282 965 πόλεως
297 905 434 965 ἄνδρα
453 910 534 952 τῶν
551 910 624 963 τῆς
646 909 806 958 πόλεως
827 909 1083 956 α’ποστείλας
1107 907 1163 956 ὥς
1179 910 1361 961 βασιλέα
1392 905 1594 961 ε’σήμαινέ

119 993 166 1020 τε
193 977 310 1034 aiz-(33
327 975 403 1032 τὴν
422 975 600 1027 ἔνδειαν,
620 977 693 1017 καί
707 973 764 1024 ὥς
780 977 896 1017 σιτία
915 974 1028 1016 πάνυ
1049 975 1168 1029 ὀλίγα
1188 973 1458 1015 ὕπολείποιτο
1486 971 1593 1015 ὥστε

67 1059 76 1064 “
121 1045 326 1098 ἀντέχειν.
347 1045 482 1086 ταῦτα
500 1041 740 1095 πυθόμενος
760 1041 780 1082 ὁ
800 1041 1002 1094 βασιλεῦς
1020 1040 1170 1095 λόγους
1187 1035 1317 1090 αὖθις
1341 1043 1592 1096 προσέφερε,
1607 1047 1650 1081 V.
1667 1046 1732 1081 187

121 1110 253 1166 λέγων
281 1110 436 1153 τοιάδε.
466 1109 589 1162 “suoi
617 1108 730 1163 παρὰ
762 1112 847 1150 τῶν
875 1110 920 1149 ἐν
949 1111 998 1165 τῇ
1026 1107 1150 1151 πόλει
1178 1107 1432 1149 εὐνοούντων
1457 1108 1596 1162 α’παγ-

121 1181 310 1234 γέλλεται
343 1174 494 1230 ὀλίγων
518 1173 628 1217 πάνυ
670 1174 841 1230 ἡμερῶν
861 1173 1167 1217 ὑπολείπεσθαι
1194 1174 1297 1227 ὑμῖν
1321 1173 1373 1215 τὰ
1400 1174 1527 1216 σιτία.
1556 1176 1599 1216 τί

69 1253 111 1288 15
125 1241 202 1287 οὖν
232 1245 564 1295 κακοδαιμονᾶτε
606 1244 678 1284 καί
704 1243 758 1283 ου’
802 1242 1062 1297 παραδίδοτε
1091 1241 1166 1296 τὴν
1194 1240 1361 1294 πόλιν,·”
1391 1241 1636 1296 ένταῖθα,0

126 1310 185 1362 ὥς
213 1313 537 1361 πυνθανομένου
569 1307 753 1352 Ἀσάνεω
783 1306 923 1363 ἔλεγον
952 1306 992 1349 οἱ
1032 1310 1109 1350 τοῦ
1137 1311 1347 1359 βασιλέως
1374 1307 1424 1349 τὰ
1459 1310 1600 1363 καθή-

124 1392 266 1431 κοντα,
295 1376 566 1431 ἐβουλεύοντο
595 1378 714 1433 κοινῇ
729 1374 811 1417 εἴτε
831 1374 1127 1430 παραδώσοιεν
1142 1373 1216 1429 τήν
1241 1375 1363 1416 πόλιν
1388 1374 1470 1417 εἴτε
1502 1378 1599 1417 α’νε-

122 1445 292 1500 χόμενοι
321 1444 561 1496 α’μυνοῖντο.
619 1441 678 1491 ὥς
708 1443 756 1484 δὲ
786 1441 1164 1494 ἀπεστραμμένους
1207 1439 1322 1496 ἑώρα
1349 1441 1446 1491 τούς
1478 1444 1522 1484 έν
1550 1444 1601 1499 τῇ

124 1509 246 1553 πόλει
279 1511 353 1552 καί
376 1512 575 1563 χαλεπῶς
613 1511 847 1563 φέροντας,
889 1506 1159 1549 ὑπόσπονδοί
1180 1523 1222 1549 τε
1262 1511 1438 1563 ἐξῆλθον
1469 1504 1601 1557 αότός

66 1586 114 1621 20
126 1593 174 1620 τε
199 1574 380 1632 Ἀσάνης
410 1577 484 1618 καί
525 1573 548 1616 ὅ
578 1575 922 1628 Λακεδαιμόνιος
949 1572 1190 1628 Λουκάνης.
1251 1576 1520 1630 ἀφικομένων
1551 1578 1599 1618 δὲ

124 1645 169 1693 ές
199 1643 346 1698 λόγους
374 1643 433 1699 τῷ
472 1644 656 1695 βασιλεῖ’,
687 1641 872 1691 σπονδάς
900 1657 943 1684 τε
987 1643 1058 1697 ἐφ’
1089 1635 1122 1699 ᾧ
1156 1642 1431 1696 αἰτουμένων,
1459 1640 1600 1695 ἔλεγεν

125 1710 268 1760 αὐτοῖς
295 1707 410 1753 τάδε.
469 1710 778 1764 “α’παγγει’λατε
805 1709 865 1767 τῷ
894 1707 1085 1765 ὑμετέρῳ
1117 1707 1288 1764 ἡγεμόνι
1322 1707 1382 1757 ὥς
1411 1707 1598 1758 σπονδάς

217 1829 274 1862 u.
301 1828 542 1864 ἀπολείποιτο
570 1827 595 1861 Ρ

123 1944 163 1972 et
186 1935 367 1971 mirabilia
396 1935 508 1969 multa
544 1934 686 1980 operari
719 1933 918 1968 consuevit.
978 1945 1061 1968 nam
1103 1946 1182 1968 cum
1207 1946 1282 1969 non
1307 1937 1486 1981 attigisset
1510 1949 1592 1971 mu-

124 1997 216 2027 rum,
243 1985 282 2019 in
306 1983 418 2018 altum
441 1988 584 2016 evectus
601 1982 800 2027 urbemque
822 1982 1059 2022 transvolans,
1087 1982 1219 2016 cecidit
1243 1983 1282 2016 in
1306 1986 1434 2018 navale
1461 1986 1591 2020 Corin-

122 2033 295 2073 thiorum,
325 2042 405 2065 cum
429 2030 629 2076 peregisset
652 2041 791 2062 cursum
817 2029 1106 2074 quattuordecim
1132 2030 1342 2064 stadiorum.
1373 2032 1470 2077 globi
1495 2046 1590 2078 pon-

123 2081 191 2115 ‹lus
216 2084 294 2113 erat
315 2083 453 2124 septem
483 2078 717 2110 talentorum.
767 2077 805 2110 in
830 2076 927 2110 hunc
954 2076 1097 2110 modum
1126 2077 1278 2111 feriebat
1305 2079 1430 2113 urbem
1460 2082 1589 2115 diebus

121 2127 298 2174 plurimis.
349 2125 523 2171 oppidani
549 2123 803 2157 deficientibus
838 2125 1022 2158 alimentis
1048 2124 1342 2170 indignabantur,
1369 2134 1406 2161 et
1431 2129 1527 2162 inter
1551 2141 1589 2163 se

121 2174 309 2221 colloquia
334 2173 513 2214 serebant,
539 2177 668 2207 euntes
694 2171 740 2204 ad
768 2171 867 2205 urbis
893 2173 1115 2218 episcopum.
1179 2174 1312 2207 Asaues
1336 2175 1483 2219 quidem
1510 2177 1590 2221 ple-

119 2222 204 2256 hem
231 2221 414 2261 sustinuit,
438 2225 480 2253 ut
507 2218 712 2264 praesentia
737 2219 880 2252 sortiter
903 2219 1115 2253 tolerarent.
1167 2221 1358 2267 episcopus
1385 2229 1504 2256 autem
1526 2236 1588 2257 ur-

120 2269 179 2304 bis
207 2269 321 2303 civem
345 2265 393 2301 ad
418 2278 537 2311 regem
564 2267 680 2307 misit,
709 2267 772 2311 qni
809 2266 1064 2300 alimentorum
1092 2267 1266 2312 inopiam,
1296 2281 1389 2314 quae
1419 2272 1588 2315 gravissi·

119 2327 179 2351 ma
202 2322 300 2357 erat,
324 2314 524 2354 indicaret.
560 2324 717 2360 eumque
751 2313 955 2347 hortaretur
991 2326 1036 2348 ne
1073 2321 1237 2359 coeptam
1275 2320 1586 2362 oppugnationem

122 2364 330 2404 omitteret,
354 2371 477 2396 verum
502 2361 643 2395 sortiter
664 2367 842 2407 pergeret.
892 2361 982 2395 haec
1019 2361 1082 2395 ubi
1114 2364 1290 2407 comperit
1317 2377 1388 2406 rex,
1418 2367 1515 2400 misit
1539 2367 1587 2400 ad

121 2410 325 2457 oppidanos
349 2410 411 2455 qui
437 2410 489 2443 sic
514 2409 750 2454 loquerentur
778 2410 1009 2443 “nuntiatum
1041 2415 1096 2443 est
1123 2409 1208 2442 mihi
1231 2410 1275 2442 ab
1303 2412 1426 2446 amicis
1455 2419 1491 2447 et
1517 2414 1585 2448 be-

121 2458 275 2499 nevolis,
301 2468 392 2503 quos
420 2457 459 2490 in
496 2456 584 2490 urbe
618 2456 764 2498 habeo,
787 2468 985 2502 paucorum
1012 2456 1152 2489 dierum
1179 2457 1371 2492 admodum
1393 2460 1496 2493 vobis
1523 2473 1585 2494 su-

119 2516 266 2552 peresse
290 2504 475 2538 alimenta.
526 2503 616 2550 quid
639 2504 751 2548 igitur
781 2505 896 2537 insani
928 2509 965 2537 et
992 2505 1111 2537 miseri
1140 2504 1263 2538 urbem
1292 2518 1365 2539 non
1391 2507 1534 2542 traditis
1546 2509 1586 2544 ?''

120 2563 202 2587 eum
224 2552 346 2586 nuntii
376 2551 466 2594 regis
492 2561 586 2597 quae
613 2550 780 2584 mandata
819 2556 941 2585 essent
966 2562 1086 2584 coram
1115 2552 1230 2585 Asana
1255 2561 1491 2598 exponerent,
1516 2568 1586 2602 pu-

119 2600 216 2634 blico
242 2597 496 2632 deliberabant
520 2597 744 2632 dederentne
770 2599 906 2639 urbem,
933 2610 979 2631 an
1008 2604 1165 2631 extrema
1192 2601 1311 2644 potins
1337 2605 1587 2648 perpetientes

121 2648 331 2682 resisterent
359 2646 443 2689 regi.
493 2656 574 2678 cum
595 2651 714 2679 autem
740 2651 929 2679 cernerent
953 2646 1158 2690 oppidanos
1175 2648 1331 2690 graviter
1358 2657 1586 2695 praesentem

119 2695 374 2729 necessitatem
400 2693 493 2726 serre
530 2697 568 2725 et
591 2693 677 2726 mali
703 2704 878 2739 quaerere
909 2692 1175 2734 liberationem,
1205 2693 1276 2728 fide
1302 2696 1447 2740 publica
1473 2700 1586 2733 inter·

120 2742 239 2788 posita
264 2740 395 2785 egressi
419 2744 503 2773 sunt
528 2739 573 2772 ad
599 2751 716 2784 regem
745 2740 881 2774 Asanes
912 2745 950 2773 et
975 2740 1171 2785 Spartanus
1207 2741 1380 2778 Lucanes.
1430 2748 1586 2780 venien-

119 2794 175 2824 tes
199 2794 320 2823 autem
345 2798 453 2834 super
474 2786 620 2821 foedere
646 2786 838 2833 pangendo
859 2789 898 2821 in
922 2787 1145 2834 colloquium
1163 2799 1244 2822 cum
1262 2801 1344 2835 rege
1371 2792 1422 2827 sic
1444 2794 1584 2828 allocu..
