<?xml version="1.0" encoding="UTF-8"?>
<!DOCTYPE html PUBLIC "-//W3C//DTD XHTML 1.0 Transitional//EN"
    "http://www.w3.org/TR/xhtml1/DTD/xhtml1-transitional.dtd">
<html xmlns="http://www.w3.org/1999/xhtml" xml:lang="en" lang="en">
 <head>
  <title>
</title>
<meta http-equiv="Content-Type" content="text/html;charset=utf-8" />
  <meta name='ocr-system' content='tesseract 3.04.00' />
  <meta name='ocr-capabilities' content='ocr_page ocr_carea ocr_par ocr_line ocrx_word'/>
</head>
<body>
  <div class='ocr_page' id='page_1' title='image "./corpusscriptorum32niebuoft_0089.png"; bbox 0 0 1884 3178; ppageno 0'>
   <div class='ocr_carea' id='block_1_1' title="bbox 453 185 1575 232">
    <p class='ocr_par' dir='ltr' id='par_1_1' title="bbox 453 185 1575 232">
     <span class='ocr_line' id='line_1_1' title="bbox 453 185 1575 232; baseline -0.004 0"><span class='ocrx_word' id='word_1_1' title='bbox 453 194 526 232; x_wconf 87' lang='lat' dir='ltr'>DE</span> <span class='ocrx_word' id='word_1_2' title='bbox 568 193 738 232; x_wconf 78' lang='lat' dir='ltr'>REBUS</span> <span class='ocrx_word' id='word_1_3' title='bbox 776 190 1030 232; x_wconf 83' lang='lat' dir='ltr'>TURClClS</span> <span class='ocrx_word' id='word_1_4' title='bbox 1069 192 1116 232; x_wconf 86' lang='lat' dir='ltr'>L.</span> <span class='ocrx_word' id='word_1_5' title='bbox 1139 192 1193 231; x_wconf 83' lang='lat'>¹1.</span> <span class='ocrx_word' id='word_1_6' title='bbox 1517 185 1575 228; x_wconf 85' lang='lat'>77</span> 
     </span>
    </p>
   </div>
   <div class='ocr_carea' id='block_1_2' title="bbox 44 287 1697 1676">
    <p class='ocr_par' dir='ltr' id='par_1_2' title="bbox 44 287 1697 1676">
     <span class='ocr_line' id='line_1_2' title="bbox 113 287 1580 348; baseline -0.003 -13"><span class='ocrx_word' id='word_1_7' title='bbox 113 292 368 348; x_wconf 78' lang='grc' dir='ltr'><em>οἷπενόστησέ</em></span> <span class='ocrx_word' id='word_1_8' title='bbox 396 307 440 334; x_wconf 84' lang='grc' dir='ltr'><em>τε</em></span> <span class='ocrx_word' id='word_1_9' title='bbox 473 291 601 341; x_wconf 68' lang='grc' dir='ltr'><em>αὐτὸς</em></span> <span class='ocrx_word' id='word_1_10' title='bbox 644 291 718 333; x_wconf 77' lang='grc' dir='ltr'>καί</span> <span class='ocrx_word' id='word_1_11' title='bbox 739 290 812 334; x_wconf 80' lang='grc' dir='ltr'>τὸν</span> <span class='ocrx_word' id='word_1_12' title='bbox 839 290 1022 346; x_wconf 81' lang='grc' dir='ltr'><em>στρατὸν</em></span> <span class='ocrx_word' id='word_1_13' title='bbox 1052 287 1264 345; x_wconf 71' lang='grc' dir='ltr'><em>ἀπήγαγεν</em></span> <span class='ocrx_word' id='word_1_14' title='bbox 1309 291 1352 339; x_wconf 76' lang='grc' dir='ltr'>ἐς</span> <span class='ocrx_word' id='word_1_15' title='bbox 1387 289 1463 344; x_wconf 68' lang='grc' dir='ltr'>τὴν</span> <span class='ocrx_word' id='word_1_16' title='bbox 1487 288 1580 343; x_wconf 81' lang='grc' dir='ltr'>χώ-</span> 
     </span>
     <span class='ocr_line' id='line_1_3' title="bbox 114 359 370 415; baseline -0.008 -13"><span class='ocrx_word' id='word_1_17' title='bbox 114 376 193 415; x_wconf 85' lang='grc' dir='ltr'>ραν</span> <span class='ocrx_word' id='word_1_18' title='bbox 222 359 370 401; x_wconf 70' lang='grc' dir='ltr'><em>αὗτοῦ.</em></span> 
     </span>
     <span class='ocr_line' id='line_1_4' title="bbox 242 421 1697 482; baseline -0.002 -15"><span class='ocrx_word' id='word_1_19' title='bbox 242 423 440 482; x_wconf 67' lang='grc' dir='ltr'><em>“’Υστερον</em></span> <span class='ocrx_word' id='word_1_20' title='bbox 471 426 616 470; x_wconf 83' lang='grc' dir='ltr'><em>μέντοι</em></span> <span class='ocrx_word' id='word_1_21' title='bbox 659 425 906 476; x_wconf 81' lang='grc' dir='ltr'><em>ἐπιπέμπων</em></span> <span class='ocrx_word' id='word_1_22' title='bbox 934 424 1233 476; x_wconf 78' lang='grc' dir='ltr'><em>στρατεύματα</em></span> <span class='ocrx_word' id='word_1_23' title='bbox 1263 421 1334 465; x_wconf 75' lang='grc' dir='ltr'>ἐπὶ</span> <span class='ocrx_word' id='word_1_24' title='bbox 1362 426 1580 466; x_wconf 77' lang='grc' dir='ltr'><strong><em>Παιονίαν</em></strong></span> <span class='ocrx_word' id='word_1_25' title='bbox 1594 432 1635 464; x_wconf 88' lang='lat' dir='ltr'>V.</span> <span class='ocrx_word' id='word_1_26' title='bbox 1652 432 1697 465; x_wconf 84' lang='lat'>32</span> 
     </span>
     <span class='ocr_line' id='line_1_5' title="bbox 113 487 1620 545; baseline -0.003 -11"><span class='ocrx_word' id='word_1_27' title='bbox 113 493 187 534; x_wconf 82' lang='grc' dir='ltr'>καί</span> <span class='ocrx_word' id='word_1_28' title='bbox 219 492 538 534; x_wconf 84' lang='grc' dir='ltr'><em>Παιονοδακιάν</em></span> <span class='ocrx_word' id='word_1_29' title='bbox 577 489 704 545; x_wconf 73' lang='grc' dir='ltr'><em>ἐδήου</em></span> <span class='ocrx_word' id='word_1_30' title='bbox 735 489 810 544; x_wconf 71' lang='grc' dir='ltr'>τὴν</span> <span class='ocrx_word' id='word_1_31' title='bbox 846 489 1011 543; x_wconf 80' lang='grc' dir='ltr'><em>χώραν.</em></span> <span class='ocrx_word' id='word_1_32' title='bbox 1067 487 1224 542; x_wconf 79' lang='grc' dir='ltr'><em>χρόνου</em></span> <span class='ocrx_word' id='word_1_33' title='bbox 1263 490 1310 530; x_wconf 84' lang='grc' dir='ltr'>δὲ</span> <span class='ocrx_word' id='word_1_34' title='bbox 1338 492 1620 544; x_wconf 79' lang='grc' dir='ltr'><em>ἑπιγενομέ-Ο</em></span> 
     </span>
     <span class='ocr_line' id='line_1_6' title="bbox 78 554 1580 611; baseline -0.001 -12"><span class='ocrx_word' id='word_1_35' title='bbox 78 572 186 607; x_wconf 84' lang='grc' dir='ltr'><em>5νου</em></span> <span class='ocrx_word' id='word_1_36' title='bbox 217 559 287 600; x_wconf 74' lang='grc' dir='ltr'>ἐπὶ</span> <span class='ocrx_word' id='word_1_37' title='bbox 315 556 462 607; x_wconf 84' lang='grc' dir='ltr'><em>Δάκας</em></span> <span class='ocrx_word' id='word_1_38' title='bbox 491 559 563 599; x_wconf 79' lang='grc' dir='ltr'>καί</span> <span class='ocrx_word' id='word_1_39' title='bbox 586 557 658 600; x_wconf 78' lang='grc' dir='ltr'>ἐπὶ</span> <span class='ocrx_word' id='word_1_40' title='bbox 685 557 873 611; x_wconf 78' lang='grc' dir='ltr'><em>Μύρξαν</em></span> <span class='ocrx_word' id='word_1_41' title='bbox 912 555 986 597; x_wconf 90' lang='grc' dir='ltr'>τὸν</span> <span class='ocrx_word' id='word_1_42' title='bbox 1017 554 1181 603; x_wconf 88' lang='grc' dir='ltr'><em>Δακιάς</em></span> <span class='ocrx_word' id='word_1_43' title='bbox 1210 554 1393 609; x_wconf 78' lang='grc' dir='ltr'><em>ἡγεμόνα</em></span> <span class='ocrx_word' id='word_1_44' title='bbox 1425 558 1580 610; x_wconf 83' lang='grc' dir='ltr'><em>ἐστρα-</em></span> 
     </span>
     <span class='ocr_line' id='line_1_7' title="bbox 111 619 1581 676; baseline -0.001 -10"><span class='ocrx_word' id='word_1_45' title='bbox 111 623 276 676; x_wconf 75' lang='grc' dir='ltr'><em>τεύετο,</em></span> <span class='ocrx_word' id='word_1_46' title='bbox 317 623 613 676; x_wconf 78' lang='grc' dir='ltr'><em>αἰτιασάμενος</em></span> <span class='ocrx_word' id='word_1_47' title='bbox 655 619 784 665; x_wconf 79' lang='grc' dir='ltr'><em>αὖτόν</em></span> <span class='ocrx_word' id='word_1_48' title='bbox 825 623 881 670; x_wconf 78' lang='grc' dir='ltr'>ὥς</span> <span class='ocrx_word' id='word_1_49' title='bbox 923 621 1171 676; x_wconf 77' lang='grc' dir='ltr'><em>ὑπάρξαντά</em></span> <span class='ocrx_word' id='word_1_50' title='bbox 1202 637 1247 663; x_wconf 86' lang='grc' dir='ltr'><em>τε</em></span> <span class='ocrx_word' id='word_1_51' title='bbox 1294 625 1478 674; x_wconf 84' lang='grc' dir='ltr'><em>πολέμου</em></span> <span class='ocrx_word' id='word_1_52' title='bbox 1507 624 1581 664; x_wconf 79' lang='grc' dir='ltr'><strong><em>καί</em></strong></span> 
     </span>
     <span class='ocr_line' id='line_1_8' title="bbox 109 687 1578 742; baseline -0.002 -10"><span class='ocrx_word' id='word_1_53' title='bbox 109 690 190 734; x_wconf 71' lang='grc' dir='ltr'>σῦν</span> <span class='ocrx_word' id='word_1_54' title='bbox 228 696 315 740; x_wconf 80' lang='grc' dir='ltr'><em>τοῖς</em></span> <span class='ocrx_word' id='word_1_55' title='bbox 344 693 534 733; x_wconf 78' lang='grc' dir='ltr'><em>Παίοσιν</em></span> <span class='ocrx_word' id='word_1_56' title='bbox 568 692 630 732; x_wconf 83' lang='grc' dir='ltr'>ἐπ’</span> <span class='ocrx_word' id='word_1_57' title='bbox 671 687 806 732; x_wconf 67' lang='grc' dir='ltr'><em>αὐτὸν</em></span> <span class='ocrx_word' id='word_1_58' title='bbox 851 687 1195 742; x_wconf 78' lang='grc' dir='ltr'><em>στρατευόμενον.</em></span> <span class='ocrx_word' id='word_1_59' title='bbox 1265 687 1355 730; x_wconf 78' lang='grc' dir='ltr'><em>ἔστι</em></span> <span class='ocrx_word' id='word_1_60' title='bbox 1385 690 1432 730; x_wconf 85' lang='grc' dir='ltr'>δὲ</span> <span class='ocrx_word' id='word_1_61' title='bbox 1461 691 1578 742; x_wconf 78' lang='grc' dir='ltr'><em>γένος</em></span> 
     </span>
     <span class='ocr_line' id='line_1_9' title="bbox 108 753 1576 810; baseline -0.004 -9"><span class='ocrx_word' id='word_1_62' title='bbox 108 760 230 801; x_wconf 78' lang='grc' dir='ltr'><em>τοῦτο</em></span> <span class='ocrx_word' id='word_1_63' title='bbox 256 756 390 805; x_wconf 79' lang='grc' dir='ltr'><em>Δάκες</em></span> <span class='ocrx_word' id='word_1_64' title='bbox 435 753 614 810; x_wconf 71' lang='grc' dir='ltr'><em>ὅλκιμόν</em></span> <span class='ocrx_word' id='word_1_65' title='bbox 643 772 687 798; x_wconf 87' lang='grc' dir='ltr'><em>τε</em></span> <span class='ocrx_word' id='word_1_66' title='bbox 731 755 780 798; x_wconf 78' lang='grc' dir='ltr'><em>τὰ</em></span> <span class='ocrx_word' id='word_1_67' title='bbox 823 757 866 804; x_wconf 79' lang='grc' dir='ltr'>ἐς</span> <span class='ocrx_word' id='word_1_68' title='bbox 895 754 971 796; x_wconf 85' lang='grc' dir='ltr'>τὸν</span> <span class='ocrx_word' id='word_1_69' title='bbox 1006 754 1190 807; x_wconf 84' lang='grc' dir='ltr'><em>πόλεμον</em></span> <span class='ocrx_word' id='word_1_70' title='bbox 1218 754 1291 796; x_wconf 74' lang='grc' dir='ltr'>καὶ</span> <span class='ocrx_word' id='word_1_71' title='bbox 1317 757 1370 796; x_wconf 86' lang='grc' dir='ltr'>ου’</span> <span class='ocrx_word' id='word_1_72' title='bbox 1397 753 1505 796; x_wconf 77' lang='grc' dir='ltr'><em>πάνυ</em></span> <span class='ocrx_word' id='word_1_73' title='bbox 1534 771 1576 795; x_wconf 88' lang='grc' dir='ltr'>τι</span> 
     </span>
     <span class='ocr_line' id='line_1_10' title="bbox 108 820 1575 878; baseline -0.003 -13"><span class='ocrx_word' id='word_1_74' title='bbox 108 822 417 876; x_wconf 71' lang='grc' dir='ltr'><em>εὕνομοόμενον</em></span> <span class='ocrx_word' id='word_1_75' title='bbox 438 857 449 878; x_wconf 96' lang='grc'><em>,</em></span> <span class='ocrx_word' id='word_1_76' title='bbox 486 822 593 864; x_wconf 77' lang='grc' dir='ltr'><em>κατὰ</em></span> <span class='ocrx_word' id='word_1_77' title='bbox 639 823 785 874; x_wconf 82' lang='grc' dir='ltr'><em>κώμας</em></span> <span class='ocrx_word' id='word_1_78' title='bbox 815 823 983 876; x_wconf 81' lang='grc' dir='ltr'><em>οἰκοῦν,</em></span> <span class='ocrx_word' id='word_1_79' title='bbox 1022 820 1128 874; x_wconf 87' lang='grc' dir='ltr'><em>πρὸς</em></span> <span class='ocrx_word' id='word_1_80' title='bbox 1159 821 1206 862; x_wconf 90' lang='grc' dir='ltr'><strong><em>τὸ</em></strong></span> <span class='ocrx_word' id='word_1_81' title='bbox 1239 820 1575 875; x_wconf 77' lang='grc' dir='ltr'><em>νομιιδικιότερον</em></span> 
     </span>
     <span class='ocr_line' id='line_1_11' title="bbox 54 885 1576 944; baseline -0.003 -12"><span class='ocrx_word' id='word_1_82' title='bbox 54 891 402 944; x_wconf 71' lang='grc' dir='ltr'><em>ίοτετραμμένον.</em></span> <span class='ocrx_word' id='word_1_83' title='bbox 474 889 608 943; x_wconf 75' lang='grc' dir='ltr'><em>διήκει</em></span> <span class='ocrx_word' id='word_1_84' title='bbox 646 891 684 930; x_wconf 81' lang='grc' dir='ltr'>δ’</span> <span class='ocrx_word' id='word_1_85' title='bbox 728 888 872 930; x_wconf 74' lang='grc' dir='ltr'>αότῶν</span> <span class='ocrx_word' id='word_1_86' title='bbox 902 887 926 942; x_wconf 78' lang='grc' dir='ltr'><em>ἦ</em></span> <span class='ocrx_word' id='word_1_87' title='bbox 955 886 1100 942; x_wconf 79' lang='grc' dir='ltr'><em>χώρα,</em></span> <span class='ocrx_word' id='word_1_88' title='bbox 1135 885 1217 928; x_wconf 81' lang='grc' dir='ltr'>ἀπὸ</span> <span class='ocrx_word' id='word_1_89' title='bbox 1249 889 1470 942; x_wconf 83' lang='grc' dir='ltr'><em>Ἀρδελιόυ</em></span> <span class='ocrx_word' id='word_1_90' title='bbox 1501 889 1576 941; x_wconf 76' lang='grc' dir='ltr'>τῆς</span> 
     </span>
     <span class='ocr_line' id='line_1_12' title="bbox 107 949 1575 1010; baseline -0.004 -11"><span class='ocrx_word' id='word_1_91' title='bbox 107 955 307 999; x_wconf 81' lang='grc' dir='ltr'><em>Παιόνων</em></span> <span class='ocrx_word' id='word_1_92' title='bbox 334 959 498 1004; x_wconf 87' lang='grc' dir='ltr'><em>Δακιάς</em></span> <span class='ocrx_word' id='word_1_93' title='bbox 528 956 745 1010; x_wconf 86' lang='grc' dir='ltr'><em>α’ρχομὲνη</em></span> <span class='ocrx_word' id='word_1_94' title='bbox 764 990 774 1009; x_wconf 89' lang='grc'><em>,</em></span> <span class='ocrx_word' id='word_1_95' title='bbox 814 953 906 996; x_wconf 81' lang='grc' dir='ltr'><em>ἔστε</em></span> <span class='ocrx_word' id='word_1_96' title='bbox 936 956 1008 996; x_wconf 70' lang='grc' dir='ltr'>ἐπί</span> <span class='ocrx_word' id='word_1_97' title='bbox 1035 949 1233 1004; x_wconf 68' lang='grc' dir='ltr'><em>Εὔξεινον</em></span> <span class='ocrx_word' id='word_1_98' title='bbox 1265 953 1427 996; x_wconf 86' lang='grc' dir='ltr'><em>πόντον.</em></span> <span class='ocrx_word' id='word_1_99' title='bbox 1485 951 1575 1007; x_wconf 77' lang='grc' dir='ltr'><em>ἔχει</em></span> 
     </span>
     <span class='ocr_line' id='line_1_13' title="bbox 107 1015 1574 1076; baseline -0.003 -11"><span class='ocrx_word' id='word_1_100' title='bbox 107 1025 154 1065; x_wconf 83' lang='grc' dir='ltr'>δὲ</span> <span class='ocrx_word' id='word_1_101' title='bbox 198 1021 270 1065; x_wconf 76' lang='grc' dir='ltr'>ἐπὶ</span> <span class='ocrx_word' id='word_1_102' title='bbox 311 1021 425 1073; x_wconf 79' lang='grc' dir='ltr'><em>δεξιοὶ</em></span> <span class='ocrx_word' id='word_1_103' title='bbox 456 1023 535 1075; x_wconf 83' lang='grc' dir='ltr'>μὲν</span> <span class='ocrx_word' id='word_1_104' title='bbox 575 1020 822 1076; x_wconf 72' lang='grc' dir='ltr'><em>καθήκουσα</em></span> <span class='ocrx_word' id='word_1_105' title='bbox 853 1022 926 1063; x_wconf 81' lang='grc' dir='ltr'>ε’πί</span> <span class='ocrx_word' id='word_1_106' title='bbox 963 1019 1189 1062; x_wconf 80' lang='grc' dir='ltr'><em>θάλασσαν</em></span> <span class='ocrx_word' id='word_1_107' title='bbox 1215 1019 1289 1062; x_wconf 84' lang='grc' dir='ltr'>τόν</span> <span class='ocrx_word' id='word_1_108' title='bbox 1310 1015 1471 1074; x_wconf 82' lang='grc' dir='ltr'><em>Ἴστρον</em></span> <span class='ocrx_word' id='word_1_109' title='bbox 1500 1035 1574 1061; x_wconf 87' lang='grc' dir='ltr'>πο-</span> 
     </span>
     <span class='ocr_line' id='line_1_14' title="bbox 104 1083 1570 1144; baseline -0.003 -12"><span class='ocrx_word' id='word_1_110' title='bbox 104 1089 260 1144; x_wconf 78' lang='grc' dir='ltr'><em>ταμὸν,</em></span> <span class='ocrx_word' id='word_1_111' title='bbox 292 1091 354 1131; x_wconf 73' lang='grc' dir='ltr'>ἐπ’</span> <span class='ocrx_word' id='word_1_112' title='bbox 392 1087 594 1143; x_wconf 82' lang='grc' dir='ltr'><em>α’ριστερὰ</em></span> <span class='ocrx_word' id='word_1_113' title='bbox 630 1089 676 1129; x_wconf 82' lang='grc' dir='ltr'>δὲ</span> <span class='ocrx_word' id='word_1_114' title='bbox 706 1087 947 1142; x_wconf 82' lang='grc' dir='ltr'><em>Βογδανίαν</em></span> <span class='ocrx_word' id='word_1_115' title='bbox 975 1083 1124 1140; x_wconf 78' lang='grc' dir='ltr'><em>χώραν</em></span> <span class='ocrx_word' id='word_1_116' title='bbox 1155 1083 1263 1128; x_wconf 66' lang='grc' dir='ltr'><em>οὕτω</em></span> <span class='ocrx_word' id='word_1_117' title='bbox 1294 1089 1570 1142; x_wconf 79' lang='grc' dir='ltr'><em>καλουμένην.</em></span> 
     </span>
     <span class='ocr_line' id='line_1_15' title="bbox 106 1148 1568 1211; baseline -0.001 -13"><span class='ocrx_word' id='word_1_118' title='bbox 106 1158 278 1211; x_wconf 63' lang='grc' dir='ltr'><em>διείργει</em></span> <span class='ocrx_word' id='word_1_119' title='bbox 308 1157 355 1198; x_wconf 83' lang='grc' dir='ltr'>δὲ</span> <span class='ocrx_word' id='word_1_120' title='bbox 387 1156 545 1204; x_wconf 75' lang='grc' dir='ltr'><em>αὐτοὺς</em></span> <span class='ocrx_word' id='word_1_121' title='bbox 574 1154 657 1196; x_wconf 83' lang='grc' dir='ltr'><em>α’πὸ</em></span> <span class='ocrx_word' id='word_1_122' title='bbox 689 1155 1009 1202; x_wconf 83' lang='grc' dir='ltr'><em>Παιονοδακιάς</em></span> <span class='ocrx_word' id='word_1_123' title='bbox 1049 1148 1146 1207; x_wconf 74' lang='grc' dir='ltr'><em>ὅρος</em></span> <span class='ocrx_word' id='word_1_124' title='bbox 1177 1153 1249 1195; x_wconf 81' lang='grc' dir='ltr'>ἑπὶ</span> <span class='ocrx_word' id='word_1_125' title='bbox 1276 1152 1381 1194; x_wconf 71' lang='grc' dir='ltr'><em>πολὺ</em></span> <span class='ocrx_word' id='word_1_126' title='bbox 1411 1155 1568 1208; x_wconf 78' lang='grc' dir='ltr'><em>διῆκον,</em></span> 
     </span>
     <span class='ocr_line' id='line_1_16' title="bbox 47 1216 1610 1276; baseline -0.001 -12"><span class='ocrx_word' id='word_1_127' title='bbox 47 1231 91 1264; x_wconf 82' lang='lat'>15</span> <span class='ocrx_word' id='word_1_128' title='bbox 106 1221 337 1276; x_wconf 85' lang='grc' dir='ltr'><em>Πρασοβὸς</em></span> <span class='ocrx_word' id='word_1_129' title='bbox 377 1221 649 1273; x_wconf 81' lang='grc' dir='ltr'><em>καλούμενον.</em></span> <span class='ocrx_word' id='word_1_130' title='bbox 722 1220 811 1274; x_wconf 82' lang='grc' dir='ltr'><em>ἔχει</em></span> <span class='ocrx_word' id='word_1_131' title='bbox 841 1222 880 1262; x_wconf 77' lang='grc' dir='ltr'>δ’</span> <span class='ocrx_word' id='word_1_132' title='bbox 916 1217 1097 1273; x_wconf 84' lang='grc' dir='ltr'><em>ὁμόρους</em></span> <span class='ocrx_word' id='word_1_133' title='bbox 1136 1216 1161 1273; x_wconf 83' lang='grc' dir='ltr'><em>ἦ</em></span> <span class='ocrx_word' id='word_1_134' title='bbox 1202 1218 1328 1275; x_wconf 80' lang='grc' dir='ltr'><em>χώρα</em></span> <span class='ocrx_word' id='word_1_135' title='bbox 1362 1217 1468 1275; x_wconf 75' lang='grc' dir='ltr'><em>αὕτη</em></span> <span class='ocrx_word' id='word_1_136' title='bbox 1496 1222 1610 1264; x_wconf 80' lang='grc' dir='ltr'>καίι)</span> 
     </span>
     <span class='ocr_line' id='line_1_17' title="bbox 102 1282 1568 1340; baseline -0.001 -10"><span class='ocrx_word' id='word_1_137' title='bbox 102 1290 279 1330; x_wconf 76' lang='grc' dir='ltr'><em>Σκυθῶν</em></span> <span class='ocrx_word' id='word_1_138' title='bbox 309 1289 394 1330; x_wconf 72' lang='grc' dir='ltr'>τῶν</span> <span class='ocrx_word' id='word_1_139' title='bbox 421 1287 618 1339; x_wconf 77' lang='grc' dir='ltr'><em>νομάδων</em></span> <span class='ocrx_word' id='word_1_140' title='bbox 659 1292 815 1340; x_wconf 82' lang='grc' dir='ltr'><em>μοῖραν</em></span> <span class='ocrx_word' id='word_1_141' title='bbox 844 1287 920 1328; x_wconf 81' lang='grc' dir='ltr'>οιῖκ</span> <span class='ocrx_word' id='word_1_142' title='bbox 949 1282 1109 1339; x_wconf 74' lang='grc' dir='ltr'><em>ὄλίγην,</em></span> <span class='ocrx_word' id='word_1_143' title='bbox 1142 1288 1259 1339; x_wconf 75' lang='grc' dir='ltr'><em>γένος</em></span> <span class='ocrx_word' id='word_1_144' title='bbox 1288 1284 1395 1327; x_wconf 79' lang='grc' dir='ltr'><em>πολύ</em></span> <span class='ocrx_word' id='word_1_145' title='bbox 1424 1302 1463 1328; x_wconf 88' lang='grc' dir='ltr'>τι</span> <span class='ocrx_word' id='word_1_146' title='bbox 1494 1290 1568 1328; x_wconf 84' lang='grc' dir='ltr'>καί</span> 
     </span>
     <span class='ocr_line' id='line_1_18' title="bbox 101 1346 1566 1411; baseline -0.001 -15"><span class='ocrx_word' id='word_1_147' title='bbox 101 1352 271 1409; x_wconf 79' lang='grc' dir='ltr'><em>ὄλβιον,</em></span> <span class='ocrx_word' id='word_1_148' title='bbox 315 1352 396 1395; x_wconf 72' lang='grc' dir='ltr'>ὑπὸ</span> <span class='ocrx_word' id='word_1_149' title='bbox 430 1354 690 1409; x_wconf 83' lang='grc' dir='ltr'><em>Καζημίρεω</em></span> <span class='ocrx_word' id='word_1_150' title='bbox 723 1356 778 1410; x_wconf 75' lang='grc' dir='ltr'><em>τῷ</em></span> <span class='ocrx_word' id='word_1_151' title='bbox 818 1356 991 1406; x_wconf 81' lang='grc' dir='ltr'><em>βασιλεῖ’</em></span> <span class='ocrx_word' id='word_1_152' title='bbox 1010 1351 1285 1404; x_wconf 83' lang='grc' dir='ltr'><em>ταττόμενον·</em></span> <span class='ocrx_word' id='word_1_153' title='bbox 1346 1352 1422 1408; x_wconf 70' lang='grc' dir='ltr'>ὑφ’</span> <span class='ocrx_word' id='word_1_154' title='bbox 1451 1346 1485 1411; x_wconf 77' lang='grc' dir='ltr'><em>ᾦ</em></span> <span class='ocrx_word' id='word_1_155' title='bbox 1515 1352 1566 1407; x_wconf 73' lang='grc' dir='ltr'><em>δι’]</em></span> 
     </span>
     <span class='ocr_line' id='line_1_19' title="bbox 101 1413 1567 1475; baseline -0.002 -12"><span class='ocrx_word' id='word_1_156' title='bbox 101 1421 174 1463; x_wconf 83' lang='grc' dir='ltr'>καί</span> <span class='ocrx_word' id='word_1_157' title='bbox 203 1419 371 1463; x_wconf 77' lang='grc' dir='ltr'><em>Σκύθαι</em></span> <span class='ocrx_word' id='word_1_158' title='bbox 412 1419 451 1462; x_wconf 83' lang='grc' dir='ltr'>οἱ</span> <span class='ocrx_word' id='word_1_159' title='bbox 493 1418 672 1472; x_wconf 81' lang='grc' dir='ltr'><em>νομάδες</em></span> <span class='ocrx_word' id='word_1_160' title='bbox 709 1419 952 1471; x_wconf 87' lang='grc' dir='ltr'><em>ταττόμενοι</em></span> <span class='ocrx_word' id='word_1_161' title='bbox 985 1418 1300 1474; x_wconf 75' lang='grc' dir='ltr'><em>στρατεύονται,</em></span> <span class='ocrx_word' id='word_1_162' title='bbox 1333 1413 1439 1475; x_wconf 67' lang='grc' dir='ltr'>ᾗοῖν</span> <span class='ocrx_word' id='word_1_163' title='bbox 1469 1420 1567 1473; x_wconf 78' lang='grc' dir='ltr'>ἐξη-</span> 
     </span>
     <span class='ocr_line' id='line_1_20' title="bbox 102 1483 1565 1541; baseline -0.001 -14"><span class='ocrx_word' id='word_1_164' title='bbox 102 1489 289 1541; x_wconf 76' lang='grc' dir='ltr'><em>γοῦνται,</em></span> <span class='ocrx_word' id='word_1_165' title='bbox 321 1487 449 1535; x_wconf 68' lang='grc' dir='ltr'><em>αὐτός</em></span> <span class='ocrx_word' id='word_1_166' title='bbox 477 1502 521 1528; x_wconf 92' lang='grc' dir='ltr'><em>τε</em></span> <span class='ocrx_word' id='word_1_167' title='bbox 550 1485 706 1541; x_wconf 71' lang='grc' dir='ltr'><em>άρετὴν</em></span> <span class='ocrx_word' id='word_1_168' title='bbox 734 1483 1024 1540; x_wconf 76' lang='grc' dir='ltr'><em>παρεχόμενος</em></span> <span class='ocrx_word' id='word_1_169' title='bbox 1050 1485 1092 1534; x_wconf 77' lang='grc' dir='ltr'>ἐς</span> <span class='ocrx_word' id='word_1_170' title='bbox 1122 1485 1305 1537; x_wconf 81' lang='grc' dir='ltr'><em>πόλεμον</em></span> <span class='ocrx_word' id='word_1_171' title='bbox 1337 1484 1565 1539; x_wconf 64' lang='grc' dir='ltr'><em>ἀξιόλογον.</em></span> 
     </span>
     <span class='ocr_line' id='line_1_21' title="bbox 44 1547 1568 1607; baseline -0.001 -12"><span class='ocrx_word' id='word_1_172' title='bbox 44 1553 261 1600; x_wconf 60' lang='grc' dir='ltr'><em>ποτοιῖτων</em></span> <span class='ocrx_word' id='word_1_173' title='bbox 298 1554 345 1596; x_wconf 84' lang='grc' dir='ltr'>δὲ</span> <span class='ocrx_word' id='word_1_174' title='bbox 389 1551 554 1606; x_wconf 82' lang='grc' dir='ltr'><em>ἔχονται</em></span> <span class='ocrx_word' id='word_1_175' title='bbox 581 1551 774 1594; x_wconf 87' lang='grc' dir='ltr'><em>Πολάνοι</em></span> <span class='ocrx_word' id='word_1_176' title='bbox 814 1554 892 1603; x_wconf 82' lang='grc' dir='ltr'>μὲν</span> <span class='ocrx_word' id='word_1_177' title='bbox 931 1550 1037 1606; x_wconf 84' lang='grc' dir='ltr'><em>πρὸς</em></span> <span class='ocrx_word' id='word_1_178' title='bbox 1065 1547 1233 1607; x_wconf 68' lang='grc' dir='ltr'><em>ἄρκτον,</em></span> <span class='ocrx_word' id='word_1_179' title='bbox 1266 1550 1492 1605; x_wconf 79' lang='grc' dir='ltr'><em>Σαρμάται</em></span> <span class='ocrx_word' id='word_1_180' title='bbox 1522 1553 1568 1593; x_wconf 79' lang='grc' dir='ltr'>δὲ</span> 
     </span>
     <span class='ocr_line' id='line_1_22' title="bbox 102 1617 1568 1676; baseline -0.002 -15"><span class='ocrx_word' id='word_1_181' title='bbox 102 1618 204 1676; x_wconf 82' lang='grc' dir='ltr'><em>πρὸς</em></span> <span class='ocrx_word' id='word_1_182' title='bbox 229 1618 298 1662; x_wconf 80' lang='grc' dir='ltr'>ἕω.</span> <span class='ocrx_word' id='word_1_183' title='bbox 335 1624 339 1628; x_wconf 86' lang='grc'><em>“</em></span> <span class='ocrx_word' id='word_1_184' title='bbox 367 1617 504 1667; x_wconf 86' lang='grc' dir='ltr'><em>Δάκες</em></span> <span class='ocrx_word' id='word_1_185' title='bbox 543 1620 589 1661; x_wconf 83' lang='grc' dir='ltr'>δὲ</span> <span class='ocrx_word' id='word_1_186' title='bbox 629 1620 815 1674; x_wconf 79' lang='grc' dir='ltr'><em>χρῶνται</em></span> <span class='ocrx_word' id='word_1_187' title='bbox 856 1620 976 1675; x_wconf 80' lang='grc' dir='ltr'><em>φωνῇ</em></span> <span class='ocrx_word' id='word_1_188' title='bbox 1005 1619 1278 1675; x_wconf 71' lang='grc' dir='ltr'><em>παραπλησίᾳ</em></span> <span class='ocrx_word' id='word_1_189' title='bbox 1309 1619 1358 1674; x_wconf 84' lang='grc' dir='ltr'><em>τῇ</em></span> <span class='ocrx_word' id='word_1_190' title='bbox 1387 1617 1568 1671; x_wconf 82' lang='grc' dir='ltr'><em>Ἰταλῶν,</em></span> 
     </span>
    </p>
   </div>
   <div class='ocr_carea' id='block_1_3' title="bbox 194 1740 1565 1842">
    <p class='ocr_par' dir='ltr' id='par_1_3' title="bbox 194 1740 1565 1842">
     <span class='ocr_line' id='line_1_23' title="bbox 194 1740 1565 1795; baseline -0.001 -13"><span class='ocrx_word' id='word_1_191' title='bbox 194 1748 228 1782; x_wconf 88' lang='lat'>6.</span> <span class='ocrx_word' id='word_1_192' title='bbox 256 1749 424 1795; x_wconf 70' lang='grc' dir='ltr'><em>πόλεμον</em></span> <span class='ocrx_word' id='word_1_193' title='bbox 447 1749 471 1781; x_wconf 85' lang='lat' dir='ltr'><strong>P</strong></span> <span class='ocrx_word' id='word_1_194' title='bbox 546 1749 602 1782; x_wconf 82' lang='lat'>12.</span> <span class='ocrx_word' id='word_1_195' title='bbox 631 1747 732 1794; x_wconf 61' lang='grc' dir='ltr'><em>δεξιᾷ</em></span> <span class='ocrx_word' id='word_1_196' title='bbox 756 1748 780 1781; x_wconf 82' lang='lat' dir='ltr'>P</span> <span class='ocrx_word' id='word_1_197' title='bbox 856 1746 910 1780; x_wconf 87' lang='lat'>13.</span> <span class='ocrx_word' id='word_1_198' title='bbox 939 1744 1122 1794; x_wconf 64' lang='grc' dir='ltr'>ἀριστερᾷ</span> <span class='ocrx_word' id='word_1_199' title='bbox 1150 1747 1171 1780; x_wconf 78' lang='grc' dir='ltr'>Ρ</span> <span class='ocrx_word' id='word_1_200' title='bbox 1249 1744 1302 1780; x_wconf 80' lang='lat'>14.</span> <span class='ocrx_word' id='word_1_201' title='bbox 1333 1740 1421 1794; x_wconf 63' lang='grc' dir='ltr'>ἀπὸ]</span> <span class='ocrx_word' id='word_1_202' title='bbox 1453 1747 1514 1783; x_wconf 64' lang='grc' dir='ltr'>ἐπὶ</span> <span class='ocrx_word' id='word_1_203' title='bbox 1543 1748 1565 1780; x_wconf 77' lang='grc' dir='ltr'>ι)</span> 
     </span>
     <span class='ocr_line' id='line_1_24' title="bbox 196 1795 474 1842; baseline 0.004 -14"><span class='ocrx_word' id='word_1_204' title='bbox 196 1796 250 1830; x_wconf 88' lang='grc'>18.</span> <span class='ocrx_word' id='word_1_205' title='bbox 279 1795 474 1842; x_wconf 65' lang='grc' dir='ltr'><em>ἐξηγῆταιῖ</em></span> 
     </span>
    </p>
   </div>
   <div class='ocr_carea' id='block_1_4' title="bbox 85 1896 1567 2803">
    <p class='ocr_par' dir='ltr' id='par_1_4' title="bbox 100 1896 1566 2038">
     <span class='ocr_line' id='line_1_25' title="bbox 100 1896 1566 1943; baseline -0.001 -11"><span class='ocrx_word' id='word_1_206' title='bbox 100 1897 250 1932; x_wconf 85' lang='lat' dir='ltr'>dicionis</span> <span class='ocrx_word' id='word_1_207' title='bbox 278 1898 412 1931; x_wconf 84' lang='lat' dir='ltr'>faceret</span> <span class='ocrx_word' id='word_1_208' title='bbox 435 1898 691 1943; x_wconf 80' lang='lat' dir='ltr'>regionemque</span> <span class='ocrx_word' id='word_1_209' title='bbox 719 1897 917 1930; x_wconf 85' lang='lat' dir='ltr'>universam</span> <span class='ocrx_word' id='word_1_210' title='bbox 958 1896 1165 1929; x_wconf 84' lang='lat' dir='ltr'>subiiceret.</span> <span class='ocrx_word' id='word_1_211' title='bbox 1215 1907 1337 1929; x_wconf 80' lang='lat' dir='ltr'>verum</span> <span class='ocrx_word' id='word_1_212' title='bbox 1364 1909 1566 1943; x_wconf 82' lang='lat' dir='ltr'>peroppor-</span> 
     </span>
     <span class='ocr_line' id='line_1_26' title="bbox 102 1943 1565 1990; baseline -0.001 -11"><span class='ocrx_word' id='word_1_213' title='bbox 102 1951 188 1981; x_wconf 83' lang='lat' dir='ltr'><strong>tune</strong></span> <span class='ocrx_word' id='word_1_214' title='bbox 214 1945 370 1990; x_wconf 84' lang='lat' dir='ltr'>podagra</span> <span class='ocrx_word' id='word_1_215' title='bbox 397 1950 471 1978; x_wconf 81' lang='lat' dir='ltr'>turn</span> <span class='ocrx_word' id='word_1_216' title='bbox 492 1945 659 1978; x_wconf 82' lang='lat' dir='ltr'>laborans</span> <span class='ocrx_word' id='word_1_217' title='bbox 682 1956 840 1978; x_wconf 86' lang='lat' dir='ltr'>reversus</span> <span class='ocrx_word' id='word_1_218' title='bbox 861 1950 914 1977; x_wconf 88' lang='lat' dir='ltr'>est</span> <span class='ocrx_word' id='word_1_219' title='bbox 929 1943 1094 1978; x_wconf 83' lang='lat' dir='ltr'>domum:</span> <span class='ocrx_word' id='word_1_220' title='bbox 1123 1944 1230 1977; x_wconf 80' lang='lat' dir='ltr'>etiam</span> <span class='ocrx_word' id='word_1_221' title='bbox 1252 1945 1375 1989; x_wconf 82' lang='lat' dir='ltr'>copias</span> <span class='ocrx_word' id='word_1_222' title='bbox 1402 1946 1439 1978; x_wconf 86' lang='lat' dir='ltr'>in</span> <span class='ocrx_word' id='word_1_223' title='bbox 1465 1957 1565 1978; x_wconf 87' lang='lat' dir='ltr'>suam</span> 
     </span>
     <span class='ocr_line' id='line_1_27' title="bbox 103 1991 477 2038; baseline -0.003 -12"><span class='ocrx_word' id='word_1_224' title='bbox 103 1993 285 2038; x_wconf 82' lang='lat' dir='ltr'>regionem</span> <span class='ocrx_word' id='word_1_225' title='bbox 313 1991 477 2025; x_wconf 80' lang='lat' dir='ltr'>abduxit.</span> 
     </span>
    </p>

    <p class='ocr_par' dir='ltr' id='par_1_5' title="bbox 85 2050 1567 2803">
     <span class='ocr_line' id='line_1_28' title="bbox 216 2050 1566 2084; baseline 0 0"><span class='ocrx_word' id='word_1_226' title='bbox 216 2051 344 2084; x_wconf 86' lang='lat' dir='ltr'>Postea</span> <span class='ocrx_word' id='word_1_227' title='bbox 380 2051 497 2084; x_wconf 86' lang='lat' dir='ltr'>missis</span> <span class='ocrx_word' id='word_1_228' title='bbox 528 2050 745 2083; x_wconf 73' lang='lat' dir='ltr'>exercitibus</span> <span class='ocrx_word' id='word_1_229' title='bbox 776 2050 991 2083; x_wconf 81' lang='lat' dir='ltr'>Pannoniam</span> <span class='ocrx_word' id='word_1_230' title='bbox 1028 2055 1064 2083; x_wconf 86' lang='lat' dir='ltr'>et</span> <span class='ocrx_word' id='word_1_231' title='bbox 1106 2050 1366 2082; x_wconf 81' lang='lat' dir='ltr'>Pannodaciam</span> <span class='ocrx_word' id='word_1_232' title='bbox 1391 2050 1566 2084; x_wconf 80' lang='lat' dir='ltr'>vastabat.</span> 
     </span>
     <span class='ocr_line' id='line_1_29' title="bbox 97 2097 1565 2144; baseline -0.001 -14"><span class='ocrx_word' id='word_1_233' title='bbox 97 2103 258 2143; x_wconf 86' lang='lat' dir='ltr'>tempore</span> <span class='ocrx_word' id='word_1_234' title='bbox 289 2104 409 2131; x_wconf 83' lang='lat' dir='ltr'>autem</span> <span class='ocrx_word' id='word_1_235' title='bbox 448 2098 678 2144; x_wconf 83' lang='lat' dir='ltr'>aliquantulo</span> <span class='ocrx_word' id='word_1_236' title='bbox 707 2097 945 2142; x_wconf 85' lang='lat' dir='ltr'>interposito,</span> <span class='ocrx_word' id='word_1_237' title='bbox 973 2097 1107 2130; x_wconf 89' lang='lat' dir='ltr'>bellum</span> <span class='ocrx_word' id='word_1_238' title='bbox 1135 2098 1282 2140; x_wconf 69' lang='lat' dir='ltr'>Myrxae</span> <span class='ocrx_word' id='word_1_239' title='bbox 1309 2098 1438 2139; x_wconf 84' lang='lat' dir='ltr'>(nostri</span> <span class='ocrx_word' id='word_1_240' title='bbox 1469 2098 1565 2130; x_wconf 82' lang='lat' dir='ltr'>Mar-</span> 
     </span>
     <span class='ocr_line' id='line_1_30' title="bbox 96 2144 1567 2190; baseline 0 -12"><span class='ocrx_word' id='word_1_241' title='bbox 96 2156 176 2178; x_wconf 83' lang='lat' dir='ltr'>cum</span> <span class='ocrx_word' id='word_1_242' title='bbox 199 2147 344 2189; x_wconf 81' lang='lat' dir='ltr'>vocant)</span> <span class='ocrx_word' id='word_1_243' title='bbox 375 2145 506 2178; x_wconf 81' lang='lat' dir='ltr'>Daciae</span> <span class='ocrx_word' id='word_1_244' title='bbox 547 2144 628 2178; x_wconf 90' lang='lat' dir='ltr'>duci</span> <span class='ocrx_word' id='word_1_245' title='bbox 656 2145 792 2184; x_wconf 87' lang='lat' dir='ltr'>intulit,</span> <span class='ocrx_word' id='word_1_246' title='bbox 820 2145 960 2177; x_wconf 80' lang='lat' dir='ltr'>crimini</span> <span class='ocrx_word' id='word_1_247' title='bbox 999 2145 1032 2177; x_wconf 77' lang='lat' dir='ltr'>ei</span> <span class='ocrx_word' id='word_1_248' title='bbox 1069 2144 1157 2177; x_wconf 82' lang='lat' dir='ltr'>dans</span> <span class='ocrx_word' id='word_1_249' title='bbox 1184 2144 1282 2190; x_wconf 83' lang='lat' dir='ltr'>quod</span> <span class='ocrx_word' id='word_1_250' title='bbox 1309 2146 1407 2189; x_wconf 82' lang='lat' dir='ltr'>prior</span> <span class='ocrx_word' id='word_1_251' title='bbox 1437 2144 1567 2178; x_wconf 82' lang='lat' dir='ltr'>adiun-</span> 
     </span>
     <span class='ocr_line' id='line_1_31' title="bbox 94 2191 1565 2236; baseline -0.001 -10"><span class='ocrx_word' id='word_1_252' title='bbox 94 2203 180 2236; x_wconf 81' lang='lat' dir='ltr'>gens</span> <span class='ocrx_word' id='word_1_253' title='bbox 210 2204 248 2226; x_wconf 90' lang='lat' dir='ltr'>se</span> <span class='ocrx_word' id='word_1_254' title='bbox 278 2192 507 2226; x_wconf 86' lang='lat' dir='ltr'>Pannonibus</span> <span class='ocrx_word' id='word_1_255' title='bbox 535 2198 659 2225; x_wconf 84' lang='lat' dir='ltr'>contra</span> <span class='ocrx_word' id='word_1_256' title='bbox 685 2203 721 2224; x_wconf 87' lang='lat' dir='ltr'>se</span> <span class='ocrx_word' id='word_1_257' title='bbox 749 2191 886 2224; x_wconf 85' lang='lat' dir='ltr'>bellum</span> <span class='ocrx_word' id='word_1_258' title='bbox 925 2193 1084 2235; x_wconf 79' lang='lat' dir='ltr'>gesserit.</span> <span class='ocrx_word' id='word_1_259' title='bbox 1136 2192 1310 2224; x_wconf 82' lang='lat' dir='ltr'>Dacorum</span> <span class='ocrx_word' id='word_1_260' title='bbox 1342 2192 1429 2236; x_wconf 77' lang='lat' dir='ltr'>(sive</span> <span class='ocrx_word' id='word_1_261' title='bbox 1453 2193 1565 2225; x_wconf 82' lang='lat' dir='ltr'>Vala-</span> 
     </span>
     <span class='ocr_line' id='line_1_32' title="bbox 93 2239 1564 2284; baseline 0 -12"><span class='ocrx_word' id='word_1_262' title='bbox 93 2239 266 2280; x_wconf 86' lang='lat' dir='ltr'>chornm,</span> <span class='ocrx_word' id='word_1_263' title='bbox 293 2240 329 2272; x_wconf 87' lang='lat' dir='ltr'>in</span> <span class='ocrx_word' id='word_1_264' title='bbox 368 2240 498 2284; x_wconf 84' lang='lat' dir='ltr'>quibus</span> <span class='ocrx_word' id='word_1_265' title='bbox 536 2245 573 2272; x_wconf 88' lang='lat' dir='ltr'>et</span> <span class='ocrx_word' id='word_1_266' title='bbox 601 2239 776 2284; x_wconf 86' lang='lat' dir='ltr'>Moldavi)</span> <span class='ocrx_word' id='word_1_267' title='bbox 813 2250 899 2282; x_wconf 84' lang='lat' dir='ltr'>gens</span> <span class='ocrx_word' id='word_1_268' title='bbox 939 2239 1038 2272; x_wconf 86' lang='lat' dir='ltr'>bello</span> <span class='ocrx_word' id='word_1_269' title='bbox 1071 2240 1380 2284; x_wconf 73' lang='lat' dir='ltr'>praestantissima</span> <span class='ocrx_word' id='word_1_270' title='bbox 1407 2245 1472 2279; x_wconf 84' lang='lat' dir='ltr'>est,</span> <span class='ocrx_word' id='word_1_271' title='bbox 1498 2251 1564 2272; x_wconf 87' lang='lat' dir='ltr'>nec</span> 
     </span>
     <span class='ocr_line' id='line_1_33' title="bbox 93 2286 1562 2331; baseline -0.001 -11"><span class='ocrx_word' id='word_1_272' title='bbox 93 2291 214 2321; x_wconf 78' lang='lat' dir='ltr'>tamen</span> <span class='ocrx_word' id='word_1_273' title='bbox 254 2286 447 2320; x_wconf 83' lang='lat' dir='ltr'>admodum</span> <span class='ocrx_word' id='word_1_274' title='bbox 488 2287 592 2320; x_wconf 86' lang='lat' dir='ltr'>bonis</span> <span class='ocrx_word' id='word_1_275' title='bbox 633 2286 855 2331; x_wconf 85' lang='lat' dir='ltr'>gubernatur</span> <span class='ocrx_word' id='word_1_276' title='bbox 885 2286 1037 2328; x_wconf 81' lang='lat' dir='ltr'>legibus.</span> <span class='ocrx_word' id='word_1_277' title='bbox 1089 2287 1188 2318; x_wconf 87' lang='lat' dir='ltr'>vicos</span> <span class='ocrx_word' id='word_1_278' title='bbox 1218 2287 1432 2331; x_wconf 81' lang='lat' dir='ltr'>plerumque</span> <span class='ocrx_word' id='word_1_279' title='bbox 1461 2288 1562 2319; x_wconf 90' lang='lat' dir='ltr'>inco-</span> 
     </span>
     <span class='ocr_line' id='line_1_34' title="bbox 92 2332 1562 2379; baseline 0.001 -14"><span class='ocrx_word' id='word_1_280' title='bbox 92 2333 186 2374; x_wconf 88' lang='lat' dir='ltr'>lunt,</span> <span class='ocrx_word' id='word_1_281' title='bbox 210 2339 404 2379; x_wconf 76' lang='lat' dir='ltr'>sequentes</span> <span class='ocrx_word' id='word_1_282' title='bbox 433 2345 575 2379; x_wconf 84' lang='lat' dir='ltr'>pascua.</span> <span class='ocrx_word' id='word_1_283' title='bbox 627 2333 834 2367; x_wconf 78' lang='lat' dir='ltr'>extenditur</span> <span class='ocrx_word' id='word_1_284' title='bbox 860 2332 987 2366; x_wconf 89' lang='lat' dir='ltr'>horum</span> <span class='ocrx_word' id='word_1_285' title='bbox 1015 2334 1115 2376; x_wconf 84' lang='lat' dir='ltr'>regio</span> <span class='ocrx_word' id='word_1_286' title='bbox 1146 2333 1191 2365; x_wconf 86' lang='lat' dir='ltr'>ab</span> <span class='ocrx_word' id='word_1_287' title='bbox 1210 2334 1421 2366; x_wconf 87' lang='lat' dir='ltr'>Pannonum</span> <span class='ocrx_word' id='word_1_288' title='bbox 1450 2333 1562 2366; x_wconf 77' lang='lat' dir='ltr'>Arde-</span> 
     </span>
     <span class='ocr_line' id='line_1_35' title="bbox 91 2380 1559 2427; baseline 0 -14"><span class='ocrx_word' id='word_1_289' title='bbox 91 2381 156 2420; x_wconf 85' lang='lat' dir='ltr'>lio,</span> <span class='ocrx_word' id='word_1_290' title='bbox 183 2391 203 2413; x_wconf 79' lang='lat' dir='ltr'>a</span> <span class='ocrx_word' id='word_1_291' title='bbox 227 2382 432 2414; x_wconf 77' lang='lat' dir='ltr'>Pannonum</span> <span class='ocrx_word' id='word_1_292' title='bbox 462 2381 570 2413; x_wconf 82' lang='lat' dir='ltr'>Dacia</span> <span class='ocrx_word' id='word_1_293' title='bbox 606 2380 715 2427; x_wconf 87' lang='lat' dir='ltr'>(quae</span> <span class='ocrx_word' id='word_1_294' title='bbox 753 2386 789 2413; x_wconf 80' lang='lat' dir='ltr'>et</span> <span class='ocrx_word' id='word_1_295' title='bbox 823 2381 1116 2427; x_wconf 76' lang='lat' dir='ltr'>Transsylvania)</span> <span class='ocrx_word' id='word_1_296' title='bbox 1147 2381 1290 2413; x_wconf 86' lang='lat' dir='ltr'>initium</span> <span class='ocrx_word' id='word_1_297' title='bbox 1317 2392 1472 2418; x_wconf 77' lang='lat' dir='ltr'>sumens,</span> <span class='ocrx_word' id='word_1_298' title='bbox 1499 2393 1559 2413; x_wconf 84' lang='lat' dir='ltr'>us-</span> 
     </span>
     <span class='ocr_line' id='line_1_36' title="bbox 91 2426 1556 2473; baseline 0.001 -13"><span class='ocrx_word' id='word_1_299' title='bbox 91 2439 162 2473; x_wconf 86' lang='lat' dir='ltr'>que</span> <span class='ocrx_word' id='word_1_300' title='bbox 185 2426 231 2460; x_wconf 75' lang='lat' dir='ltr'>ad</span> <span class='ocrx_word' id='word_1_301' title='bbox 257 2428 408 2461; x_wconf 80' lang='lat' dir='ltr'>Pontum</span> <span class='ocrx_word' id='word_1_302' title='bbox 438 2428 627 2461; x_wconf 78' lang='lat' dir='ltr'>Euxinum.</span> <span class='ocrx_word' id='word_1_303' title='bbox 679 2439 697 2460; x_wconf 83' lang='lat' dir='ltr'>a</span> <span class='ocrx_word' id='word_1_304' title='bbox 727 2427 863 2466; x_wconf 76' lang='lat' dir='ltr'>dextra,</span> <span class='ocrx_word' id='word_1_305' title='bbox 890 2439 959 2472; x_wconf 84' lang='lat' dir='ltr'>qua</span> <span class='ocrx_word' id='word_1_306' title='bbox 987 2428 1102 2470; x_wconf 85' lang='lat' dir='ltr'>vergit</span> <span class='ocrx_word' id='word_1_307' title='bbox 1125 2427 1170 2459; x_wconf 84' lang='lat' dir='ltr'>ad</span> <span class='ocrx_word' id='word_1_308' title='bbox 1192 2439 1301 2467; x_wconf 78' lang='lat' dir='ltr'>mare,</span> <span class='ocrx_word' id='word_1_309' title='bbox 1330 2429 1419 2459; x_wconf 78' lang='lat' dir='ltr'>Istro</span> <span class='ocrx_word' id='word_1_310' title='bbox 1445 2428 1556 2461; x_wconf 86' lang='lat' dir='ltr'>ssuvio</span> 
     </span>
     <span class='ocr_line' id='line_1_37' title="bbox 90 2474 1557 2520; baseline 0.001 -13"><span class='ocrx_word' id='word_1_311' title='bbox 90 2475 260 2508; x_wconf 81' lang='lat' dir='ltr'>alluitur:</span> <span class='ocrx_word' id='word_1_312' title='bbox 284 2486 304 2507; x_wconf 88' lang='lat' dir='ltr'>a</span> <span class='ocrx_word' id='word_1_313' title='bbox 328 2476 472 2508; x_wconf 86' lang='lat' dir='ltr'>sinistra</span> <span class='ocrx_word' id='word_1_314' title='bbox 500 2476 679 2519; x_wconf 77' lang='lat' dir='ltr'>regionem</span> <span class='ocrx_word' id='word_1_315' title='bbox 705 2475 917 2518; x_wconf 72' lang='lat' dir='ltr'>Rogdaniam</span> <span class='ocrx_word' id='word_1_316' title='bbox 946 2475 1164 2520; x_wconf 80' lang='lat' dir='ltr'>appellatam</span> <span class='ocrx_word' id='word_1_317' title='bbox 1192 2474 1312 2506; x_wconf 83' lang='lat' dir='ltr'>habet.</span> <span class='ocrx_word' id='word_1_318' title='bbox 1366 2474 1557 2518; x_wconf 84' lang='lat' dir='ltr'>distinguit</span> 
     </span>
     <span class='ocr_line' id='line_1_38' title="bbox 88 2521 1552 2566; baseline 0.001 -12"><span class='ocrx_word' id='word_1_319' title='bbox 88 2522 247 2566; x_wconf 81' lang='lat' dir='ltr'>ipsorum</span> <span class='ocrx_word' id='word_1_320' title='bbox 287 2523 467 2566; x_wconf 84' lang='lat' dir='ltr'>regionem</span> <span class='ocrx_word' id='word_1_321' title='bbox 506 2535 604 2556; x_wconf 89' lang='lat' dir='ltr'>mons</span> <span class='ocrx_word' id='word_1_322' title='bbox 644 2523 751 2566; x_wconf 81' lang='lat' dir='ltr'>longe</span> <span class='ocrx_word' id='word_1_323' title='bbox 786 2534 823 2555; x_wconf 86' lang='lat' dir='ltr'>se</span> <span class='ocrx_word' id='word_1_324' title='bbox 852 2523 1058 2566; x_wconf 77' lang='lat' dir='ltr'>porrigens,</span> <span class='ocrx_word' id='word_1_325' title='bbox 1088 2523 1145 2554; x_wconf 79' lang='lat' dir='ltr'>cui</span> <span class='ocrx_word' id='word_1_326' title='bbox 1176 2521 1331 2554; x_wconf 83' lang='lat' dir='ltr'>Prasobo</span> <span class='ocrx_word' id='word_1_327' title='bbox 1361 2523 1438 2566; x_wconf 87' lang='lat' dir='ltr'>(qui</span> <span class='ocrx_word' id='word_1_328' title='bbox 1467 2523 1552 2556; x_wconf 87' lang='lat' dir='ltr'>olim</span> 
     </span>
     <span class='ocr_line' id='line_1_39' title="bbox 87 2568 1552 2615; baseline 0.001 -14"><span class='ocrx_word' id='word_1_329' title='bbox 87 2569 257 2615; x_wconf 77' lang='lat' dir='ltr'>Haemus)</span> <span class='ocrx_word' id='word_1_330' title='bbox 283 2580 415 2602; x_wconf 86' lang='lat' dir='ltr'>nomen</span> <span class='ocrx_word' id='word_1_331' title='bbox 444 2570 585 2602; x_wconf 80' lang='lat' dir='ltr'>incolae</span> <span class='ocrx_word' id='word_1_332' title='bbox 620 2569 801 2602; x_wconf 80' lang='lat' dir='ltr'>dixerunt.</span> <span class='ocrx_word' id='word_1_333' title='bbox 854 2569 936 2601; x_wconf 82' lang='lat' dir='ltr'>huic</span> <span class='ocrx_word' id='word_1_334' title='bbox 972 2569 1109 2611; x_wconf 74' lang='lat' dir='ltr'>regioni</span> <span class='ocrx_word' id='word_1_335' title='bbox 1142 2569 1310 2601; x_wconf 82' lang='lat' dir='ltr'>adiacent</span> <span class='ocrx_word' id='word_1_336' title='bbox 1337 2568 1482 2613; x_wconf 80' lang='lat' dir='ltr'>quidam</span> <span class='ocrx_word' id='word_1_337' title='bbox 1508 2569 1552 2603; x_wconf 78' lang='lat' dir='ltr'>(le</span> 
     </span>
     <span class='ocr_line' id='line_1_40' title="bbox 87 2615 1553 2662; baseline 0.001 -13"><span class='ocrx_word' id='word_1_338' title='bbox 87 2615 297 2659; x_wconf 82' lang='lat' dir='ltr'>Scytharum</span> <span class='ocrx_word' id='word_1_339' title='bbox 328 2627 456 2660; x_wconf 85' lang='lat' dir='ltr'>genere</span> <span class='ocrx_word' id='word_1_340' title='bbox 486 2628 559 2650; x_wconf 89' lang='lat' dir='ltr'>non</span> <span class='ocrx_word' id='word_1_341' title='bbox 583 2618 700 2661; x_wconf 86' lang='lat' dir='ltr'>pauci,</span> <span class='ocrx_word' id='word_1_342' title='bbox 729 2617 791 2662; x_wconf 91' lang='lat' dir='ltr'>qui</span> <span class='ocrx_word' id='word_1_343' title='bbox 819 2615 950 2660; x_wconf 82' lang='lat' dir='ltr'>opibus</span> <span class='ocrx_word' id='word_1_344' title='bbox 982 2617 1174 2660; x_wconf 85' lang='lat' dir='ltr'>plurimum</span> <span class='ocrx_word' id='word_1_345' title='bbox 1212 2621 1373 2660; x_wconf 80' lang='lat' dir='ltr'>possunt,</span> <span class='ocrx_word' id='word_1_346' title='bbox 1399 2617 1553 2650; x_wconf 85' lang='lat' dir='ltr'>subiecti</span> 
     </span>
     <span class='ocr_line' id='line_1_41' title="bbox 86 2662 1551 2708; baseline 0.001 -13"><span class='ocrx_word' id='word_1_347' title='bbox 86 2662 269 2696; x_wconf 77' lang='lat' dir='ltr'>Cazemiro</span> <span class='ocrx_word' id='word_1_348' title='bbox 298 2663 512 2696; x_wconf 73' lang='lat' dir='ltr'>polonorum</span> <span class='ocrx_word' id='word_1_349' title='bbox 541 2665 622 2708; x_wconf 78' lang='lat' dir='ltr'>regi.</span> <span class='ocrx_word' id='word_1_350' title='bbox 673 2665 780 2697; x_wconf 82' lang='lat' dir='ltr'>istum</span> <span class='ocrx_word' id='word_1_351' title='bbox 803 2673 919 2707; x_wconf 87' lang='lat' dir='ltr'>regem</span> <span class='ocrx_word' id='word_1_352' title='bbox 948 2664 1166 2696; x_wconf 77' lang='lat' dir='ltr'>comitantur</span> <span class='ocrx_word' id='word_1_353' title='bbox 1187 2662 1342 2705; x_wconf 82' lang='lat' dir='ltr'>Scythae</span> <span class='ocrx_word' id='word_1_354' title='bbox 1369 2663 1551 2704; x_wconf 84' lang='lat' dir='ltr'>nomades,</span> 
     </span>
     <span class='ocr_line' id='line_1_42' title="bbox 86 2710 1554 2756; baseline 0 -13"><span class='ocrx_word' id='word_1_355' title='bbox 86 2721 304 2756; x_wconf 84' lang='lat' dir='ltr'>quocunque</span> <span class='ocrx_word' id='word_1_356' title='bbox 336 2710 471 2742; x_wconf 88' lang='lat' dir='ltr'>bellum</span> <span class='ocrx_word' id='word_1_357' title='bbox 500 2711 657 2744; x_wconf 86' lang='lat' dir='ltr'>verterit.</span> <span class='ocrx_word' id='word_1_358' title='bbox 706 2712 831 2744; x_wconf 79' lang='lat' dir='ltr'>&#39;virtus</span> <span class='ocrx_word' id='word_1_359' title='bbox 867 2716 987 2742; x_wconf 82' lang='lat' dir='ltr'>autem</span> <span class='ocrx_word' id='word_1_360' title='bbox 1020 2711 1094 2742; x_wconf 86' lang='lat' dir='ltr'>eins</span> <span class='ocrx_word' id='word_1_361' title='bbox 1132 2710 1167 2742; x_wconf 88' lang='lat' dir='ltr'>in</span> <span class='ocrx_word' id='word_1_362' title='bbox 1196 2711 1293 2742; x_wconf 88' lang='lat' dir='ltr'>omni</span> <span class='ocrx_word' id='word_1_363' title='bbox 1321 2711 1418 2743; x_wconf 85' lang='lat' dir='ltr'>bello</span> <span class='ocrx_word' id='word_1_364' title='bbox 1445 2723 1554 2756; x_wconf 76' lang='lat' dir='ltr'>prae-</span> 
     </span>
     <span class='ocr_line' id='line_1_43' title="bbox 85 2756 1552 2803; baseline 0.001 -13"><span class='ocrx_word' id='word_1_365' title='bbox 85 2757 180 2791; x_wconf 77' lang='lat' dir='ltr'>clara</span> <span class='ocrx_word' id='word_1_366' title='bbox 201 2756 325 2791; x_wconf 79' lang='lat' dir='ltr'>habita</span> <span class='ocrx_word' id='word_1_367' title='bbox 353 2763 418 2790; x_wconf 80' lang='lat' dir='ltr'>est.</span> <span class='ocrx_word' id='word_1_368' title='bbox 468 2758 510 2790; x_wconf 87' lang='lat' dir='ltr'>iis</span> <span class='ocrx_word' id='word_1_369' title='bbox 538 2758 679 2791; x_wconf 82' lang='lat' dir='ltr'>finitimi</span> <span class='ocrx_word' id='word_1_370' title='bbox 709 2763 802 2799; x_wconf 78' lang='lat' dir='ltr'>sunt,</span> <span class='ocrx_word' id='word_1_371' title='bbox 829 2769 900 2803; x_wconf 78' lang='lat' dir='ltr'>qua</span> <span class='ocrx_word' id='word_1_372' title='bbox 930 2769 967 2790; x_wconf 85' lang='lat' dir='ltr'>se</span> <span class='ocrx_word' id='word_1_373' title='bbox 995 2757 1032 2791; x_wconf 89' lang='lat' dir='ltr'>in</span> <span class='ocrx_word' id='word_1_374' title='bbox 1056 2757 1349 2801; x_wconf 80' lang='lat' dir='ltr'>Septentrionem</span> <span class='ocrx_word' id='word_1_375' title='bbox 1376 2758 1552 2803; x_wconf 78' lang='lat' dir='ltr'>pandunt,</span> 
     </span>
    </p>
   </div>
  </div>
 </body>
</html>
