1774 3204
642 180 766 186 ψ...-
778 180 834 184 m
856 180 973 183 ‹—r›—«—›⁷
989 180 1231 188 ——m—-w

487 741 749 790 INDEX
803 740 1340 790 HISTORICUS.

201 1043 472 1088 Abdulatuphes
495 1045 646 1078 Temiris
684 1045 776 1078 filius
809 1044 884 1085 165,

251 1089 303 1122 18.
334 1089 410 1129 166,
439 1090 492 1122 10.

201 1135 416 1168 Abrahamus
442 1137 465 1168 i.
481 1147 514 1180 q.
532 1135 746 1179 Empreimes
758 1134 839 1176 437,
853 1138 885 1170 5.

199 1183 393 1214 Acarnania
406 1181 462 1221 27,
475 1181 508 1215 6.
533 1181 615 1221 209,
627 1181 658 1214 2.
677 1181 730 1214 16.
758 1183 837 1224 237,
850 1182 884 1214 4.

200 1226 333 1259 Achaia
370 1226 459 1268 477,
486 1228 539 1259 11.
611 1228 686 1260 eius
723 1229 884 1274 princeps

199 1318 384 1352 Achmates
393 1317 610 1352 Turachanis
621 1319 642 1351 f.
653 1319 770 1359 382‚2.
785 1321 885 1354 Pelo-

246 1367 395 1409 ponnesi
412 1366 609 1409 praefectus
622 1363 700 1406 457,
714 1365 745 1399 9.
759 1364 838 1408 469,
851 1367 883 1400 3.

200 1411 329 1443 Aci-iba
355 1412 435 1444 urbs
459 1411 538 1448 445,
567 1412 621 1445 15.

200 1456 420 1490 Adornorum
447 1458 582 1490 familia
609 1457 688 1497 262,
717 1457 769 1490 19.

200 1502 352 1535 Aedines
387 1503 458 1536 dux
492 1504 639 1536 Asianus
670 1515 689 1536 a
736 1505 885 1538 Paiazite

246 1549 395 1627 {iggeiiip
425 1550 591 1628 {Qulsltgs
617 1549 674 1590 65,
705 1550 758 1582 13.
783 1551 840 1590 66,
852 1553 884 1584 5.

315 1619 323 1634 ,
372 1606 404 1628 ο.
502 1621 511 1635 ,
583 1619 591 1627 .

197 1640 370 1682 Aegi-‘ides
398 1652 439 1673 ex
466 1642 546 1674 Asia
579 1640 720 1674 oriundi
746 1641 884 1686 pedites

243 1685 324 1725 344,
355 1686 408 1720 16.

198 1732 352 1774 Aeginae
380 1733 542 1776 princeps
567 1733 647 1770 215,
667 1733 723 1765 20.

197 1779 377 1822 Aegyptus
405 1777 481 1816 142,
509 1777 561 1810 19.
588 1777 665 1817 144,
691 1779 742 1812 10.

197 1824 315 1856 Aenus
342 1824 423 1856 urbs
451 1825 504 1863 12,
531 1825 583 1856 11.
608 1823 687 1865 520,
713 1825 769 1858 20.

197 1875 312 1902 aestus
339 1870 465 1902 marini
491 1881 592 1902 causa
620 1869 676 1908 94,
695 1871 749 1903 20.

196 1915 335 1948 Aetolia
361 1916 418 1956 27,
442 1915 474 1948 6.
502 1915 559 1956 29,
583 1916 616 1948 2.
642 1916 722 1957 209,
747 1917 780 1949 2.
804 1917 884 1958 211,

249 1960 299 1993 14.
325 1961 405 2001 236.
433 1962 489 1994 21.

198 2008 306 2040 Actus
322 2009 417 2050 regio
435 2007 579 2039 Acheloi
595 2007 742 2040 finitima
755 2008 834 2048 213,
849 2007 883 2040 3.

198 2053 353 2096 Agathee
375 2053 538 2086 Brenezis
571 2053 596 2085 f.
629 2053 707 2094 181,
734 2053 789 2087 20.

199 2098 366 2132 Aladines
403 2110 462 2132 rex
486 2100 607 2142 Syriae
642 2099 695 2140 13,
717 2099 750 2131 3.
813 2111 883 2145 quo

247 2145 416 2178 defuncto
451 2147 542 2178 inter
571 2147 667 2188 regni
694 2146 884 2189 optimates

245 2190 421 2224 discordia
445 2197 567 2224 exorta
592 2197 645 2224 est
660 2190 713 2232 14,
730 2191 784 2225 10.
809 2193 884 2224 eius

245 2237 394 2269 ministri
418 2236 473 2277 66,
499 2237 531 2270 5.

201 2283 369 2315 Aladines
398 2283 571 2316 Amuratis
600 2283 644 2316 11.
675 2283 701 2316 f.
733 2294 764 2317 v.
795 2283 884 2316 Oto-

246 2328 419 2362 manidae..

201 2376 305 2408 Alani
327 2374 407 2414 467,
434 2375 492 2408 20.

201 2421 350 2454 Albanis
379 2421 442 2453 filii
467 2420 545 2458 527,
573 2420 631 2454 21.
656 2418 734 2459 545,
757 2419 792 2452 8.

202 2467 351 2501 Albai-us
365 2467 504 2500 loannis
515 2466 696 2499 lberorum
713 2466 802 2510 regis
816 2465 887 2498 dux

247 2512 359 2552 276‚8
385 2512 888 2557 AlphonsumTarraconensi·

251 2571 307 2591 um
334 2569 451 2602 regem
475 2559 623 2604 eiusque
649 2558 790 2591 fratrem
813 2558 887 2591 acie

250 2604 380 2638 devicit
415 2610 452 2638 et
475 2605 513 2638 in
546 2605 629 2648 fuga
654 2604 888 2649 comprehen-

250 2650 303 2683 dit
326 2650 405 2690 277,
427 2650 461 2684 8.
510 2656 632 2684 eontra
648 2650 782 2685 Poenos
806 2661 889 2697 pro-

251 2697 364 2731 fectus
391 2702 444 2730 est
466 2696 546 2737 278,
568 2696 620 2729 13.

951 1044 1117 1078 Albertus
1152 1045 1403 1078 Germanorum
1443 1046 1636 1091 imperator

995 1089 1076 1129 426,
1099 1089 1133 1123 6.
1157 1089 1237 1130 428,
1259 1090 1292 1123 9.
1319 1091 1372 1124 13.

951 1137 1034 1169 Albi
1060 1136 1285 1170 Probatantes
1308 1136 1388 1178 462,
1419 1137 1447 1169 1.

951 1183 1068 1215 Aleoti
1096 1183 1190 1215 filius
1206 1183 1360 1227 Aeginae
1377 1184 1539 1228 princeps
1553 1182 1636 1225 215,

951 1274 1152 1307 Alexander
1175 1273 1399 1317 Bulgarorum
1423 1284 1481 1306 rex
1506 1275 1563 1316 36,
1581 1276 1634 1308 14.

949 1319 1149 1353 Alexander
1170 1319 1403 1353 Macedonum
1427 1332 1485 1353 rex
1511 1321 1587 1363 149,
1601 1321 1635 1356 4.

1001 1366 1077 1406 153,
1107 1366 1158 1398 17.

949 1413 1085 1445 Aliazes
1107 1410 1296 1455 pocillator
1318 1409 1398 1450 234,
1422 1410 1454 1445 6.

951 1457 1215 1501 Allopbatzides
1267 1459 1469 1491 mercenarii
1504 1459 1634 1493 milites

997 1504 1076 1542 230,
1101 1503 1135 1535 4.
1155 1502 1235 1541 441,
1257 1502 1291 1535 4.

951 1550 1102 1582 Almenii
1127 1549 1258 1580 familia
1287 1548 1330 1580 de
1357 1559 1428 1592 qua
1450 1549 1632 1584 Iberorum

999 1607 1058 1628 rex
1083 1601 1179 1627 ortus
1204 1594 1282 1634 275,
1309 1593 1361 1627 18.

949 1641 1149 1685 Alphonsus
1173 1641 1487 1673 'ran-aconensium
1514 1652 1573 1674 rex
1589 1641 1634 1674 de

995 1687 1127 1719 familia
1143 1686 1366 1718 Medinorum
1385 1686 1528 1726 270,11.
1551 1693 1634 1720 ante

997 1732 1258 1776 expeditionem
1300 1732 1336 1764 in
1370 1733 1506 1765 ltaliam
1554 1733 1635 1765 lbe-

996 1790 1114 1813 rorum
1144 1779 1211 1821 regi
1248 1777 1381 1810 bellum
1409 1779 1533 1811 intulit
1553 1778 1643 1818 276,

996 1824 1028 1858 6.
1092 1835 1160 1856 una
1207 1834 1284 1855 cnm
1332 1823 1438 1855 fratre
1485 1824 1634 1858 Nabaris

997 1881 1076 1913 rege
1121 1870 1164 1901 ab
1202 1870 1333 1901 Albaro
1378 1869 1467 1902 duce
1509 1876 1632 1914 captus

995 1922 1031 1948 et
1056 1916 1099 1948 ad
1126 1916 1303 1947 iberorum
1319 1926 1431 1959 regem
1459 1915 1632 1950 deductus

995 1967 1049 1995 est
1077 1962 1157 1994 277.
1179 1960 1212 1993 9.
1260 1972 1279 1993 a
1307 1973 1377 2006 quo
1403 1962 1547 2006 impune
1575 1973 1632 1994 re—

995 2009 1118 2039 missus
1134 2012 1186 2040 est
1201 2006 1248 2039 ib.
1266 2007 1319 2039 14.
1368 2007 1521 2040 Siciliam
1547 2007 1634 2040 sub·

997 2055 1068 2096 egit
1093 2053 1172 2092 270,
1199 2052 1251 2085 13.
1301 2054 1338 2085 in
1361 2053 1500 2086 ltaliam
1525 2054 1633 2087 venit.

998 2111 1075 2131 cum
1104 2098 1334 2132 lanuensibus
1359 2099 1494 2132 bellum
1525 2101 1634 2143 gessit

995 2144 1074 2185 265,
1100 2146 1134 2178 5.
1183 2147 1218 2177 in
1253 2145 1391 2188 proelio
1425 2145 1543 2178 navali
1572 2156 1631 2178 ca-

995 2197 1077 2236 ptus
1103 2196 1138 2224 et
1155 2191 1198 2222 ad
1214 2190 1408 2223 Mediolani
1429 2190 1553 2223 ducem
1570 2190 1636 2224 ab·

997 2238 1123 2270 ductus
1148 2242 1202 2269 est
1227 2236 1344 2270 ib.21.
1395 2247 1414 2268 a
1437 2247 1508 2282 quo
1533 2239 1635 2270 inco-

997 2284 1102 2315 lumis
1131 2282 1175 2314 ad
1199 2293 1278 2314 suos
1295 2282 1456 2314 dimissus
1485 2289 1537 2317 est
1551 2281 1634 2323 266,

994 2328 1028 2363 8,
1070 2327 1306 2372 Parthenopes
1333 2339 1428 2360 arces
1452 2339 1634 2374 expugna-

995 2375 1046 2406 vit
1064 2373 1142 2411 270,
1174 2374 1227 2406 15.
1287 2385 1306 2406 a
1341 2373 1506 2419 Sphortia
1541 2375 1636 2407 Mar·-

997 2420 1095 2452 chiae
1124 2420 1279 2463 principe
1301 2421 1460 2464 repulsus
1477 2424 1530 2453 est
1554 2420 1634 2460 271,

997 2465 1028 2497 8.
1079 2466 1276 2498 Calabriam
1313 2466 1376 2497 sibi
1410 2465 1561 2499 subiecit
1583 2466 1633 2500 ib.

1003 2512 1054 2545 15.
1104 2512 1231 2543 iterum
1258 2511 1503 2555 Parthenopen
1521 2522 1641 2544 acces·

999 2559 1045 2590 sit
1079 2568 1225 2600 eamque
1262 2558 1475 2601 expugnavit
1506 2557 1554 2590 ib.
1584 2557 1638 2590 17.

1000 2605 1185 2648 Gepanum
1206 2604 1242 2635 in
1267 2608 1476 2646 potestatem
1501 2603 1638 2648 accepit

1001 2649 1048 2681 ib.
1075 2649 1130 2682 22.
1178 2650 1338 2694 Iapygiae
1355 2649 1549 2694 principem
1574 2659 1640 2692 ag-

1001 2706 1134 2739 gressus
1171 2701 1222 2728 est
1245 2695 1293 2727 ib.
1317 2694 1374 2728 23.
1430 2706 1515 2740 pace
1541 2705 1642 2728 com-
