1832 3216
468 215 541 254 DE
559 214 733 255 REBUS
771 212 1026 273 TURClClS
1068 214 1115 254 L.
1145 216 1219 255 111.
1493 210 1587 258 163

121 313 447 367 ἀποδειξάμενος
476 311 578 367 ἔργα
607 313 715 353 κατά
736 318 780 354 ’τε
810 313 958 354 Ἀσίαν
985 314 1057 354 καί
1086 313 1306 369 Εὐρώπην,
1333 315 1592 366 βασιλεύσας

119 380 191 436 ἔτη
220 382 343 422 πέντε
391 379 464 420 καί
491 378 659 421 εἴκοσιν.
730 373 781 432 ἦν
821 379 868 419 δὲ
905 374 1039 427 οὕτως
1078 378 1277 434 αὐθάδης
1304 376 1413 421 ὥστε
1439 381 1594 436 μηδενί

118 449 347 490 πείθεσθαι
376 446 432 494 ὥς
460 442 595 502 ἑαυτῷ
623 445 897 498 θαρρούντως
935 451 1094 498 χωρεῖν
1123 447 1196 486 ἑπί
1222 444 1320 495 τούς
1349 450 1589 500 πολεμίους.

118 512 360 568 ἐτελεύτησε
406 514 453 554 δὲ
483 514 527 554 ἐν
554 513 607 568 τῇ
631 511 790 569 Ἰωνίᾳ,
821 509 1169 564 διαχειμάζοντος
1216 508 1350 553 αὐτοῦ
1388 511 1589 568 Τεμήρεω

85 586 106 621 5
122 577 196 622 τὸν
223 580 417 634 στρατόν.

223 643 273 687 Ὁ
302 646 350 686 δὲ
378 644 518 687 Ἰνδαῖν
546 641 750 697 βασιλεῦς
778 638 897 692 οὗτος
929 643 1045 685 ἐστίν
1073 640 1098 683 ὅ
1126 642 1198 684 τὸν
1227 644 1346 686 ἐννέα
1375 649 1587 699 βασιλέων

119 706 303 763 τοῦνομα
331 709 457 764 ἔχων,
494 708 744 765 Τζαχατάης
772 706 986 762 βασιλεύς.
1042 710 1127 751 ταῖν
1152 710 1271 752 ἐννέα
1302 713 1348 752 δὲ
1376 715 1587 766 βασιλέων

119 780 299 830 βασιλέα
325 775 547 831 γενόμενον
573 779 744 830 τοῦτον,
770 774 842 818 τὸν
871 774 944 817 διὰ
972 774 1073 825 τούς
1106 778 1373 830 Μασαγέτας
1400 779 1623 833 ’στρατόνΒ

118 842 251 898 μέγαν
292 844 364 885 ἐπὶ
408 841 599 898 Τεμήρην
649 844 979 895 ἐπιπέμψαντα,
1020 843 1182 897 λέγεται
1226 843 1297 885 τόν
1326 860 1369 886 τε
1406 845 1642 901 Ἀράξηνν.
1657 848 1704 883 68

64 915 107 950 10
122 907 293 951 ἐπιόντα
327 910 527 964 διαβῆναι
545 940 558 962 ,
587 910 660 951 καί
686 907 739 950 τὰ
773 911 885 951 πλέω
913 911 989 963 τῆς
1022 907 1153 966 ταύτῃ
1181 909 1330 964 χώρας
1357 927 1589 965 καταστρε-

119 975 311 1029 ψάμενον
339 977 404 1018 ἐπ’
433 974 549 1018 οἴκου
583 971 714 1024 αὖθις
747 976 1044 1030 ἀποχωρῆσαι.
1101 974 1266 1030 Συήνης
1297 991 1340 1018 τε
1368 979 1589 1030 βασιλεύει

59 1071 61 1074 -
118 1042 190 1084 καί
215 1043 364 1091 Ἰνδιάς
391 1043 464 1083 καί
492 1040 742 1098 Ξυπρίσης,
772 1045 846 1084 καί
875 1041 1011 1096 διήκει
1041 1042 1160 1099 αὐτῷ
1188 1041 1211 1096 ἡ
1241 1042 1366 1096 χώρα
1393 1045 1466 1085 ἐπί
1500 1047 1590 1085 Τα-

116 1107 332 1165 προβοίνην
358 1110 499 1163 νῆσον,
529 1111 572 1158 ἐς
596 1108 773 1164 Ἰνδικὴν
801 1109 1041 1162 θάλασσαν,
1073 1110 1117 1158 ἐς
1145 1108 1194 1163 ἣν
1225 1107 1264 1150 οἱ
1291 1112 1484 1164 μέγιστοι
1515 1112 1589 1164 τῆς

112 1176 290 1230 Ἰνδικῆς
317 1173 465 1230 χώρας
495 1175 678 1229 ποταμοὶ
701 1176 950 1227 ἐκδιδοῦσιν,
982 1171 1006 1214 ὅ
1035 1190 1080 1216 τε
1111 1175 1280 1230 Γάγγης
1306 1175 1438 1226 Ἰνδὸς
1463 1176 1589 1219 Ἀνυ-

63 1247 106 1283 15
118 1241 240 1298 θι’νης
256 1241 466 1297 Ὑδάσπης
486 1240 725 1296 Ὑδραώτης
742 1238 939 1297 “Ῡφασις,
955 1242 1145 1295 μέγιστοι
1165 1243 1216 1296 δη
1238 1237 1356 1284 οὗτοι
1379 1237 1494 1292 ὄντες
1514 1246 1590 1299 τῆς

117 1306 278 1362 χώρας.
333 1309 457 1363 φέρει
485 1309 520 1350 δ’
551 1308 576 1362 ἦ
607 1307 752 1362 Ἰνδικὴ
783 1309 907 1361 χώρα
935 1307 1077 1362 ἀγαθά
1108 1310 1186 1360 μὲν
1201 1308 1333 1350 πολλὰ
1363 1309 1437 1351 καί
1463 1305 1588 1363 ὄλβον

117 1374 259 1426 πολύν,
289 1373 362 1416 καί
385 1371 407 1416 ὅ
432 1390 478 1415 τε
506 1373 708 1427 βασιλεὺς
733 1372 952 1427 ξυμπάσης
983 1375 1059 1427 τῆς
1088 1373 1234 1429 χώρας
1263 1373 1333 1416 ὑπ’
1361 1372 1491 1418 αὐτὸν
1517 1391 1587 1431 γε·

118 1439 306 1495 νομένης.
348 1439 592 1495 ὁρμώμενος
618 1441 664 1482 δὲ
685 1434 805 1489 οὗτος
829 1440 910 1480 dud
942 1443 1014 1495 τῆς
1036 1439 1141 1494 ὑπὲρ
1159 1440 1328 1496 Γάγγην
1343 1441 1494 1496 χώρας
1513 1441 1624 1486 καίο
1645 1456 1650 1498 ζ

115 1508 191 1560 τῆς
215 1507 425 1561 παραλίου
451 1507 626 1561 Ἰνδικῆς
654 1509 726 1548 καί
748 1503 1039 1561 Ταπροβᾰνης,
1059 1505 1200 1548 ἐλθεῖν
1218 1508 1290 1548 ἐπὶ
1315 1506 1386 1549 τὸν
1403 1511 1584 1562 βασιλέα

57 1576 104 1612 20
116 1575 346 1629 Χαταγίης,
365 1576 438 1627 τῆς
457 1572 603 1629 χώρας
626 1575 700 1627 τῆς
717 1571 828 1622 ἐντὸς
846 1571 1013 1626 Γάγγου
1031 1573 1103 1614 καί
1128 1574 1272 1627 Ἰνδοῦ,
1291 1575 1365 1616 καί
1380 1591 1587 1629 καταστρε

0 1630 6 1633 ”
113 1638 304 1693 φάμενον
333 1639 411 1694 τήν
443 1637 574 1696 ταύτῃ
614 1639 761 1693 χώραν
801 1636 853 1679 τοὶ
875 1641 1070 1691 βασίλεια
1100 1641 1144 1680 ἐν
1174 1638 1307 1697 ταύτῃ
1337 1640 1388 1695 δὴ
1419 1641 1470 1697 τῇ
1500 1641 1582 1682 πό-

113 1708 175 1746 λει
200 1705 485 1760 ποιήσασθαι·
542 1708 748 1761 ξυμβῆναι
783 1707 830 1747 δὲ
859 1707 954 1748 τότε
983 1708 1182 1760 γενέσθαι
1215 1706 1291 1763 ὑφ’
1323 1704 1388 1750 ἔνι’
1415 1711 1592 1762 βασιλεῖ’

114 1885 227 1926 dens,
261 1897 480 1931 quocunque
516 1885 748 1930 pervenisset.¹
814 1886 918 1919 annis
961 1888 1120 1930 regnavit
1157 1888 1284 1931 viginti
1314 1888 1490 1934 quinque,
1522 1899 1576 1922 res

113 1933 315 1978 praeclaras
342 1933 379 1966 in
404 1934 486 1966 Asia
511 1933 724 1978 Europaque
750 1944 886 1977 gerenS.
936 1932 1028 1965 adeo
1055 1940 1174 1968 autem
1203 1935 1426 1980 praefractus
1453 1941 1489 1969 et
1518 1941 1575 1969 te-

115 1980 285 2013 merarius
311 1985 387 2013 erat
411 1985 451 2013 ιιι
477 1981 658 2013 neminem
686 1987 894 2013 monentem
923 1986 1158 2025 sequeretur,
1184 1982 1247 2015 sed
1275 1982 1343 2015 sibi
1370 1984 1437 2015 soli
1463 1983 1575 2016 confi-

114 2026 228 2067 deret,
252 2026 396 2072 quando
422 2027 580 2060 eundum
608 2027 744 2061 eratin
767 2027 902 2062 hostes.
952 2028 1130 2072 expiravit
1153 2030 1192 2062 in
1217 2030 1332 2071 Ionia,
1357 2041 1436 2063 cum
1467 2042 1510 2064 eo
1537 2031 1575 2065 in

112 2072 262 2107 hiberna
287 2074 458 2108 movisset
481 2075 654 2108 Temires.

235 2123 279 2154 At
306 2121 475 2154 ludorum
501 2133 580 2163 rex,
607 2121 652 2154 de
684 2132 756 2166 quo
781 2131 878 2154 nunc
903 2121 1012 2154 verba
1040 2122 1200 2163 facimus,
1227 2135 1318 2157 unus
1346 2129 1400 2157 est
1425 2123 1470 2157 de
1499 2136 1571 2157 nu-

111 2178 208 2201 mero
233 2179 362 2201 novem
390 2180 523 2213 regum,
552 2174 590 2202 et
608 2168 831 2202 Tzachataae
859 2179 918 2201 rex
943 2170 1160 2214 appellatur.
1185 2177 1327 2204 constat
1351 2182 1430 2203 eum
1461 2171 1571 2205 fuisse

110 2213 155 2247 de
194 2226 299 2260 grege
324 2227 453 2249 novem
480 2217 625 2249 illorum
654 2227 796 2260 regum,
831 2217 893 2261 qui
918 2227 981 2260 per
1009 2217 1228 2262 Massagetas
1265 2213 1462 2251 exercitum
1490 2230 1570 2251 ma-

110 2272 216 2306 gnum
242 2268 368 2296 contra
391 2263 571 2297 Temirem
599 2264 707 2296 misit.
758 2264 819 2309 qni
846 2264 998 2296 transito
1027 2266 1164 2305 Araxe,
1191 2271 1227 2298 et
1252 2266 1427 2311 pleraque
1451 2267 1569 2309 regio-

110 2309 166 2342 nis
205 2315 307 2354 parte
346 2322 438 2356 quae
481 2311 643 2344 subiecta
677 2316 731 2344 est
763 2311 899 2344 'l‘emiri
933 2311 1107 2352 subacta,
1145 2312 1289 2345 domum
1317 2324 1475 2345 reversus
1502 2318 1567 2346 est.

111 2356 188 2388 eius
213 2357 365 2402 imperio
391 2364 520 2403 parent
537 2359 653 2402 Syena
674 2357 776 2391 India
803 2364 840 2391 et
858 2357 1043 2403 Chyprisa.
1090 2359 1197 2392 huius
1223 2361 1320 2404 regio
1348 2366 1448 2404 patet
1472 2360 1567 2393 ultra

110 2402 354 2448 Taprobanen
394 2406 566 2445 insulam,
596 2417 710 2450 usque
744 2406 783 2438 in
812 2405 976 2438 Indicum
1003 2417 1121 2448 mare,
1156 2407 1194 2439 in
1225 2406 1325 2452 qnod
1354 2407 1568 2440 deferuntur

110 2449 254 2494 Ganges
277 2449 387 2484 ludus
413 2452 613 2496 Anythines
641 2452 846 2498 Hydraspes
871 2453 1072 2497 Hydraotes
1097 2454 1293 2499 Hyphasis,
1320 2454 1417 2486 ssuvii
1445 2456 1565 2498 regio-

108 2498 165 2530 nis
195 2497 297 2531 istius
323 2499 480 2532 maximi.
546 2499 671 2533 Indiae
698 2506 819 2533 autem
845 2501 942 2544 regio
975 2501 1087 2533 multa
1112 2501 1321 2546 suppeditat
1350 2501 1457 2542 bona,
1487 2513 1564 2534 ma-

108 2555 288 2590 gnamque
313 2545 436 2579 fundit
460 2546 692 2580 felicitatem:
722 2547 785 2580 sed
810 2548 924 2581 totius
957 2547 1083 2580 ludiae
1114 2549 1304 2592 imperium
1332 2559 1443 2593 penes
1469 2547 1565 2581 hunc

109 2601 224 2635 regem
251 2596 316 2631 est,
342 2593 405 2637 qui
429 2594 608 2638 profectus
637 2594 682 2627 ab
709 2605 750 2627 ea
777 2596 923 2639 regione
950 2605 1044 2639 quae
1071 2606 1179 2640 supra
1204 2596 1362 2637 Gangem
1388 2601 1454 2634 est,
1483 2602 1520 2629 et
1543 2608 1564 2629 a

106 2639 283 2672 maritima
309 2639 432 2672 Indiae
457 2641 615 2684 regione,
637 2652 780 2675 necnon
809 2653 830 2674 a
854 2642 1071 2686 Taprobane
1098 2643 1227 2683 insula,
1250 2643 1351 2675 venit
1375 2642 1418 2674 ad
1447 2654 1562 2688 regem

106 2685 334 2731 Achab-igine,
354 2697 448 2731 quae
473 2688 566 2721 intra
590 2688 750 2733 Gangem
785 2694 824 2722 et
850 2689 977 2722 ludum
1009 2694 1064 2722 est
1089 2690 1169 2723 sita.
1219 2700 1289 2734 qua
1319 2689 1451 2723 deinde
1476 2702 1562 2724 suae

106 2732 239 2766 dicioni
266 2733 420 2774 adiecta,
445 2733 567 2768 urbem
598 2736 678 2768 eius
704 2736 860 2780 regionis
885 2736 983 2780 regni
1011 2738 1065 2769 sui
1092 2736 1212 2769 sedem
1238 2736 1444 2771 declaravit.
1496 2749 1560 2771 ex-

105 2778 191 2814 inde
217 2781 323 2814 unius
353 2781 503 2826 imperio
527 2782 693 2816 universa
719 2783 938 2827 gubernatur
959 2782 1071 2816 India.
1123 2795 1183 2817 rex
1208 2784 1286 2825 iste,
1313 2790 1348 2817 et
1375 2785 1437 2830 qui
1465 2785 1560 2819 Cha-
