1884 3178
502 170 574 210 DF,
612 167 784 208 REBUS
818 163 1075 206 Tnssclcis
1118 164 1165 203 L.
1196 165 1228 203 Ι.
1533 151 1594 198 41

136 271 252 329 αὔτῷ
281 265 488 326 ἇσφαλῶς
530 266 667 322 ἔχειν,
695 263 1070 320 καταστησάμενος.
1130 258 1251 311 οὗτος
1278 262 1324 304 δὲ
1350 263 1524 314 συνίστη
1554 276 1598 302 τε
1617 265 1645 296 D

135 336 208 379 καὶ
231 335 328 385 τούς
366 335 468 377 κατὰ
517 334 591 390 τὴν
633 331 843 388 Εὐρώπην
876 331 1077 386 ἀριστέας
1106 330 1162 378 ὥς
1192 327 1390 384 ἠδύνατο,
1417 327 1602 379 μάλιστα

135 398 187 446 εὖ
212 405 345 445 ποιῶν
372 418 418 444 τε
447 403 522 444 καί
547 396 849 452 ἆνακτώμενος,
877 398 952 439 καί
978 398 1054 438 τοῦ
1075 395 1282 450 Ἑλλήνων
1308 395 1518 447 βασιλέως
1546 394 1602 449 τῷ

137 470 408 527 πρεσβυτέρῳ
441 466 566 509 παιδὶ
587 462 867 521 Ἀνδρονίκῳ,
895 462 940 512 ὃς
969 464 1195 516 οἰχομένου
1226 463 1304 502 τοῦ
1333 457 1492 513 πατρὸς
1522 458 1602 500 αὕ-

101 538 215 578 5τοῦ
237 532 484 591 Ἀμουράτῃ
510 534 569 590 τῷ
591 529 804 585 Ὀρχοίνεω
832 533 876 580 ἐς
902 529 976 571 τὸν
1014 527 1119 571 κατὰ
1147 526 1224 582 την
1251 527 1397 569 Ἀσίαν
1425 525 1532 579 πρός
1559 539 1604 566 τε

135 599 342 656 ἡγεμόνας
387 596 522 642 αὐτοῦ’
557 595 740 646 πόλεμον
785 597 1088 651 ἐγκατελείφθη
1126 595 1170 635 ἐν
1197 597 1254 652 τῷ
1283 595 1506 650 Βυζαντίῳ
1535 593 1608 633 καί

138 668 418 720 ἐπετέτραπτο
443 663 520 720 τὴν
547 661 781 718 βασιλείαν,
809 661 940 719 τούτῳ
971 659 1225 717 α’φικόμενος
1255 662 1296 708 ἐς
1326 657 1473 713 λόγους
1495 656 1606 699 ἔπει-

136 735 190 775 &d
214 747 263 775 τε
301 728 573 788 ἀφίστασθαι
607 727 690 771 οἶπὸ
739 730 824 770 ταῖν
850 729 1069 781 πατέρων,
1115 729 1190 768 καί
1219 720 1351 782 ἄμφω
1381 730 1607 778 κατασχεῖν

135 797 212 854 τὴν
243 797 445 853 πατρωαν
475 796 637 852 α’ρχην,
679 794 752 837 τόν
780 793 913 836 αυ’τὸν
940 794 1088 850 σφίσιν
1118 791 1277 848 ἐχθρόν
1308 809 1353 834 τε
1382 794 1457 834 καί
1482 794 1606 847 φίλον

81 871 124 906 10
139 862 413 920 ἡγουμένους,
454 866 528 905 καί
561 859 610 917 ἤν
644 878 708 911 τις
751 863 847 918 ἐπίῃ
877 861 1073 914 πόλεμος,
1109 858 1349 912 ἀμύνοντας
1379 860 1604 914 παραγίνε-

136 934 242 973 σθαι
272 928 469 983 α’λλήλοις
510 927 615 971 κατὰ
665 929 711 970 τὸ
753 926 936 969 δυνατὸν
985 927 1097 984 πάσῃ
1129 927 1322 978 δυνάμει.
1378 927 1517 967 ταῦτα
1548 922 1605 974 (ὃς
1621 928 1655 960 Ρ-
1679 927 1724 961 21

137 998 285 1046 αὐτοῖς
322 996 462 1038 ἐδόκει
484 983 700 1050 ποιητέα,
744 993 992 1036 ἐσπένδοντό
1019 1009 1064 1034 τε
1113 995 1187 1035 καί
1226 989 1348 1047 ὅρκια
1378 994 1606 1045 ἐποιοῦντο,

136 1063 414 1115 ἐμπεδοῦντες
441 1061 498 1112 ὥς
529 1061 715 1114 μάλιστα
744 1059 792 1102 τὰ
821 1062 997 1102 τοιαῦτα
1026 1062 1176 1116 σφίσιν
1207 1060 1379 1112 αὐτοῖς,
1409 1053 1437 1115 ᾗ
1465 1059 1608 1114 ἀσφα-

136 1131 319 1171 λέστατα
349 1129 486 1170 ἐδόκει
523 1129 690 1184 ἀμφοῖν
741 1125 929 1168 ἔσεσθαι.
1000 1124 1057 1175 ὥς
1088 1125 1138 1181 δὴ
1167 1127 1304 1168 ταῦτα
1333 1125 1608 1181 ποιησάμενοι

82 1209 126 1244 15
139 1195 247 1250 δῆλα
274 1195 507 1249 ἐποιοῦντο,
535 1195 608 1236 καί
635 1194 917 1250 ἠσφαλίζοντο
948 1194 1062 1250 σφᾶς
1092 1191 1528 1247 παρασκευαζόμενοι,
1560 1188 1610 1245 ἢν

138 1263 235 1320 ἐπίῃ
283 1262 327 1310 ἐς
367 1260 444 1315 τὴν
473 1258 684 1316 Εὐρώπην
720 1259 1008 1315 Ἀμουροῖτης,
1057 1260 1113 1308 ὥς
1145 1257 1411 1312 ἀμύνασθαι.
1470 1259 1609 1300 ταῦτα

138 1327 197 1376 ὥς
223 1325 426 1369 ἐπύθοντο
467 1327 650 1380 τάχιστα
692 1326 894 1385 γενόμενα
936 1327 1040 1368 κατὰ
1068 1326 1143 1379 την
1171 1323 1398 1381 Εὐρώπην,
1427 1327 1610 1372 καλέσας

137 1392 328 1448 Ἰωάννην
375 1396 554 1447 βασιλέα
590 1395 830 1444 Βυζαντίου
861 1391 974 1447 ἔλεγε
1004 1393 1165 1434 τοιάδε.
1239 1394 1445 1445 ὂίβασιλεῦ
1465 1389 1611 1446 Ἑλλή-

138 1475 248 1515 νων,
282 1460 384 1512 ἐμοί
407 1475 452 1501 τε
498 1459 651 1502 νεωστὶ
689 1459 806 1512 παρὰ
850 1462 932 1501 τῶν
972 1461 1016 1501 ἐν
1041 1462 1093 1517 τῇ
1124 1457 1308 1516 Εὔρώπῃ
1349 1458 1612 1500 πιστοτάτων

80 1526 312 1580 Ξοοῖγγελιά
339 1525 516 1581 α’φίκετο
561 1526 619 1574 ὥς
647 1528 839 1581 Σαουζῆς
880 1525 901 1566 ὁ
933 1525 1035 1578 ἐμὸς
1059 1533 1158 1576 παῖς
1186 1524 1266 1568 ὑπό
1299 1527 1371 1568 τοῦ
1403 1527 1483 1566 σοῦ
1512 1540 1611 1565 παι-

139 1591 214 1642 δὸς
239 1592 528 1646 α’ναγνωσθείς
558 1590 770 1646 ἀνήκεστα
801 1607 874 1644 μοι
906 1593 1181 1645 βουλεύονται
1217 1593 1460 1646 πράγματα.
1522 1593 1611 1639 παῖς

138 1653 216 1700 οὖν
246 1656 336 1712 ἔχει
364 1659 497 1713 μηδὲν
526 1675 566 1700 τι
595 1660 872 1712 ἐπισταμένου
915 1662 991 1700 σοῦ’
1021 1658 1182 1701 τούτων
1210 1661 1308 1713 πέρι
1341 1660 1384 1708 ἐς
1411 1660 1651 1700 τοσοῦτονΒ

229 1781 264 1815 4.
292 1780 343 1821 ὥς
369 1782 411 1815 P:
437 1793 516 1815 corr
543 1782 569 1815 H
738 1783 769 1816 5.
798 1776 876 1830 τὸν]
905 1780 971 1826 τὴν
995 1783 1035 1816 P:
1063 1795 1141 1816 corr
1166 1783 1196 1816 H
1381 1785 1435 1828 τε]
1466 1779 1549 1822 τοὺς
1580 1783 1610 1816 Η

230 1828 265 1862 6.
294 1829 475 1875 πολεμῶν
501 1830 540 1862 P:
566 1841 646 1863 corr
673 1830 701 1862 H
825 1831 856 1863 7.
886 1831 1018 1865 ἔπειθέ
1042 1831 1083 1871 H,
1111 1830 1238 1873 ἐπειδὴ
1269 1830 1290 1862 Ρ
1437 1830 1471 1864 8.
1498 1834 1611 1865 nare-

232 1889 311 1923 ρων
337 1877 388 1917 Η,
412 1876 603 1924 πατρῴων
627 1878 651 1910 P
773 1877 827 1911 17.
852 1878 1013 1912 ἐπύθετο
1042 1878 1068 1910 Η
1189 1879 1247 1911 21.
1276 1878 1490 1923 βουλεύεται
1514 1879 1546 1911 Η

139 1989 274 2019 rentur.
322 1984 382 2017 hic
419 1983 637 2018 seditionem
674 1986 865 2025 excitavit,
893 1986 1091 2020 concilians
1120 1987 1338 2019 Graecorum
1364 1986 1546 2020 nobilium
1573 1987 1610 2020 in

138 2031 282 2076 Europa
307 2031 456 2065 animos.
507 2044 586 2065 cum
613 2034 770 2066 venisset
794 2034 1031 2078 colloquendi
1051 2034 1164 2078 gratia
1191 2034 1238 2066 ad
1268 2035 1487 2067 Graecorum
1517 2036 1609 2079 regis

140 2079 253 2112 fllium
277 2079 453 2112 seniorem
481 2079 737 2121 Andronicum,
761 2081 817 2113 cui
843 2082 1051 2124 Byzantium
1075 2082 1249 2127 regnique
1277 2093 1397 2114 curam
1421 2081 1610 2115 mandarat

165 2132 253 2167 ater,
279 2137 358 2159 cum
383 2127 670 2171 proficisceretur
697 2139 776 2160 cum
803 2129 970 2161 Amurate
1000 2129 1038 2161 in
1064 2130 1183 2162 Asiam
1212 2128 1382 2162 adversus
1409 2129 1515 2162 duces
1543 2130 1610 2162 ist-

138 2137 200 2206 Eic
224 2172 435 2214 seditiosos,
460 2174 606 2208 tandem
645 2186 688 2207 eo
714 2174 863 2207 deducti
888 2181 972 2208 sunt
1011 2185 1050 2209 ut
1076 2182 1229 2221 uterque
1257 2188 1275 2208 a
1307 2183 1410 2221 patre
1438 2176 1610 2210 deficeret

138 2231 227 2261 suo,
251 2225 516 2267 paternumque
553 2233 698 2266 regnum
733 2227 895 2263 teneret,
936 2222 1164 2268 eundemque
1198 2229 1235 2256 et
1273 2223 1412 2257 hostem
1447 2229 1485 2257 et
1520 2225 1611 2256 ami-

139 2278 225 2301 cum·
248 2268 423 2301 ducerent
447 2280 554 2314 quem
582 2270 674 2302 alter
697 2270 890 2312 iussisset3
918 2276 1106 2314 praeterea
1131 2271 1160 2302 si
1182 2269 1270 2315 quid
1297 2272 1491 2316 ingrueret,
1517 2271 1610 2304 alter

139 2314 245 2348 alteri
287 2316 424 2349 auxilio
465 2327 542 2349 esse
567 2328 614 2349 ne
645 2322 890 2351 cunctaretur.
939 2316 1029 2350 haec
1055 2329 1133 2350 cum
1161 2318 1247 2362 ipsis
1271 2318 1347 2351 visa
1375 2323 1507 2358 essent,
1536 2329 1608 2363 quo

140 2362 340 2395 maioribus
384 2362 512 2396 animis
545 2363 821 2397 observarentur
856 2364 1067 2410 maioreque
1108 2364 1178 2398 fide
1209 2365 1433 2405 colerentur,
1461 2365 1611 2398 iurisiu-

139 2407 243 2442 randi
270 2409 398 2453 religio
437 2411 610 2456 utrinque
642 2412 855 2456 interposita
893 2417 959 2444 est.
1009 2411 1141 2457 quibus
1169 2412 1350 2457 expeditis
1375 2423 1484 2458 quam
1509 2424 1610 2446 com-

139 2455 346 2490 modissime
383 2467 428 2490 ex
467 2463 592 2503 aperto
633 2458 941 2504 praeparabantur
971 2459 1148 2492 obsistere
1174 2460 1348 2500 Amurati,
1372 2460 1401 2492 si
1428 2460 1465 2492 in
1491 2460 1609 2493 Euro-

140 2514 222 2548 pam
253 2504 402 2537 transire
430 2511 630 2538 conaretur.
681 2506 743 2538 ubi
772 2506 816 2538 de
843 2506 920 2539 istis
939 2507 1073 2539 certior
1100 2507 1214 2539 factus
1245 2513 1299 2540 est
1317 2509 1515 2548 Amurates‚
1541 2507 1610 2540 ad-

140 2555 268 2583 vocato
292 2551 428 2584 Ioanne
455 2563 537 2596 rege
561 2552 723 2596 Byzantii
749 2552 998 2586 huiuscemodi
1024 2565 1170 2586 exorsus
1198 2559 1253 2586 est
1278 2554 1490 2587 orationem.
1517 2559 1608 2589 “rex

141 2597 360 2630 Graecorum
377 2623 386 2637 ‚
412 2598 498 2632 mihi
524 2610 642 2645 nuper
668 2611 688 2632 a
726 2600 799 2633 fide
824 2601 1043 2644 dignissimis
1081 2601 1119 2633 in
1150 2602 1288 2646 Europa
1317 2602 1523 2634 nuntiatum
1554 2608 1609 2636 est

140 2643 291 2678 Sauzem
319 2644 431 2678 filium
458 2658 587 2688 meum,
613 2657 633 2679 a
659 2647 736 2680 filio
765 2653 828 2681 tuo
847 2653 1022 2688 coactum,
1049 2648 1239 2681 instituere
1260 2647 1305 2681 ad
1330 2654 1523 2682 extremam
1551 2661 1608 2683 me

143 2691 333 2725 devolvere
362 2693 554 2726 miseriam.
605 2705 676 2740 qua
704 2696 843 2728 ratione
873 2696 982 2739 igitur
1010 2695 1086 2727 fieri
1113 2700 1236 2740 posset
1259 2701 1299 2728 ut
1326 2696 1518 2730 inconsciis
1543 2709 1609 2730 vo-

140 2738 196 2772 his
221 2738 267 2772 ad
291 2744 426 2773 tantam
451 2739 662 2776 devenerint
696 2741 925 2783 dementiam,
961 2749 999 2776 ut
1026 2753 1099 2776 non
1125 2743 1240 2776 solum
1283 2754 1383 2778 meus
1410 2744 1505 2778 filius
1538 2751 1609 2779 tam
