1884 3178
481 208 553 246 DE
594 207 765 246 Rssssus
803 203 1057 246 TURcicis
1098 206 1145 245 L.
1175 205 1248 244 111.
1515 192 1606 241 149

141 321 250 358 στον,
278 303 627 358 συμπαραλαβών
654 306 726 346 καί
753 301 852 351 τούς
874 301 1138 357 Τριβαλλούς
1161 302 1296 344 aczo&
1330 300 1608 357 δορυφόρους,

144 373 188 422 ἐς
211 370 394 424 μυρίους
423 370 605 424 μάλιστα
636 386 717 411 που
745 371 991 424 γενομένους
1019 367 1196 417 τούτους
1215 366 1302 424 (ἐφ’
1333 363 1395 416 οἷς
1426 369 1472 408 δὲ
1499 368 1609 420 μέγα

145 437 315 494 ἐφρόνει
347 437 404 486 ὥς
433 435 525 479 ὅποι
555 434 923 491 παρατυγχάνοιεν
952 431 1120 489 ἀνδρῶν
1141 435 1314 489 α’γαθῶν
1343 434 1612 489 γενομένων),

145 507 220 547 καί
248 506 507 559 προθέμενος
535 503 594 553 ὥς
622 504 896 555 Ἀλέξανδρος
929 501 950 542 ὅ
984 502 1200 561 Φιλίππου
1230 501 1327 551 τοὺς
1355 496 1611 548 ῙΙΊακεδόνας

109 571 252 627 5ἔχων
281 572 378 624 μεθ’
407 567 562 612 ἑαυτοῦ
590 572 664 611 καί
702 571 744 618 ἐς
777 567 854 623 τήν
883 567 1031 611 Ἀσιάν
1064 564 1229 619 διαβάς,
1259 569 1445 622 Δαρεῖον
1473 567 1614 607 αἰτια-

143 637 324 691 σάμενος
366 639 442 692 τῆς
486 638 530 685 ἐς
573 634 672 684 τούς
702 631 904 690 Ἕλληνας
935 631 1101 689 Ξέρξεω
1133 631 1340 685 ἐλάσεως,
1371 634 1429 690 τῷ
1458 629 1614 673 ἑαυτοῦ

144 704 338 747 ἐλάσσονι
366 701 417 758 δὴ
449 703 611 759 στρατῷ
641 700 771 744 ἐπιών
799 702 1112 754 κατεστρέψατο
1129 735 1140 755 ‚
1167 699 1240 741 καί
1266 699 1341 754 τὴν
1364 696 1512 742 Ἀσίαν
1540 697 1613 752 ὑφ’

146 768 259 826 αὑτῷ
285 767 523 824 ἐποιήσατο,
553 767 644 810 ἔστε
677 770 748 811 ἐπὶ
772 769 945 823 Ἐνφαϊν
975 770 1050 821 τῆς
1076 766 1226 815 Ἀσιάς
1245 763 1463 820 ἐληλάκει·
1525 765 1613 806 ἐπί-

144 851 268 879 στευε
296 836 343 876 δὲ
370 837 443 876 καί
473 834 594 883 αὐτὸς
637 838 694 890 τῷ
733 832 890 876 ἑαυτοῦ
927 831 1211 887 στρατεύματι
1241 830 1372 874 ἐπιών
1402 829 1614 885 καθαιρή-

91 914 236 948 ιοσειν
262 901 370 956 ταχύ
406 901 517 943 πάνυ
546 901 621 956 τήν
656 901 856 956 Τεμήρεω
877 902 1096 953 βασιλείαν
1123 901 1195 940 καί
1225 896 1296 940 ἐπί
1322 897 1481 946 Ἰνδοὺς
1511 898 1613 952 α’φι·
1627 904 1662 938 Ρ.
1677 904 1720 939 79

145 970 309 1012 κε’σθαι.
340 967 603 1023 παραλαβών
633 967 683 1022 δὴ
719 964 794 1009 οὖν
820 966 867 1009 τό
897 982 939 1008 τε
971 962 1182 1020 Εὐρώπης
1211 965 1282 1006 καί
1306 966 1453 1013 Ἀσίας
1480 962 1614 1018 στρά-

145 1053 308 1089 τευμα,
350 1038 394 1084 ἐς
430 1036 591 1076 δώδεκα
626 1036 872 1089 μυριάδας,
922 1031 1009 1075 ἴετο
1052 1031 1181 1085 ὁμόσε
1223 1033 1294 1074 ε’πί
1322 1032 1393 1072 τὸν
1429 1030 1614 1085 Τεμήρη,

146 1103 308 1159 φθῆναι
338 1101 470 1143 αὐτὸν
496 1102 750 1155 βουλόμενος
769 1101 812 1142 ἐν
835 1103 885 1158 τῇ
901 1098 1023 1156 χώρᾳ
1042 1100 1478 1154 ἐστρατοπεδευμέιόν
1510 1096 1615 1151 πρὸς

146 1171 206 1225 τῷ
232 1167 450 1224 Εὐφράτῃ,
479 1170 523 1210 ἐν
553 1170 610 1225 νῷ
637 1166 748 1222 ἔχων
777 1170 952 1220 βασιλεῖ
983 1165 1152 1222 Τεμήρῃ
1182 1167 1473 1220 μαχέσασθαι.
1538 1167 1614 1206 Τε-

92 1235 282 1290 ιῦμήρης
310 1236 358 1276 δὲ
399 1234 519 1291 ἐπῄει
562 1236 632 1276 διὰ
667 1236 858 1289 Φρυγίας
902 1233 1103 1275 ἐλαύνων.
1174 1234 1425 1286 Παιαζὴτης
1461 1232 1506 1273 δὲ
1539 1230 1612 1272 διὰ

145 1302 217 1355 τῆς
249 1300 559 1349 Καππαδοκίας
587 1301 785 1354 ἐπείγετο,
818 1302 983 1356 φθῆναι
1016 1299 1146 1348 αιῗτός
1175 1298 1281 1352 πρὸς
1312 1301 1369 1354 τῷ
1402 1297 1610 1354 Εὐφράτῃ

147 1363 256 1408 κατὰ
299 1365 375 1420 τήν
414 1367 642 1419 Ἀρμενίων
672 1365 821 1420 χώραν
850 1364 1123 1420 βουλόμενος.
1198 1363 1253 1414 ὡς
1284 1366 1328 1407 δὲ
1363 1363 1406 1406 ἐν
1435 1367 1488 1421 τῇ
1514 1364 1612 1418 Ἀρ-

147 1432 302 1485 μενίων
329 1432 548 1486 γενόμενος
578 1430 698 1489 χώρᾳ
728 1434 911 1474 ἐπύθετο
944 1429 1017 1473 τὸν
1041 1430 1211 1487 Τεμήρη
1240 1427 1320 1486 ἤδη
1350 1433 1395 1473 ἑν
1427 1434 1479 1486 τῇ
1514 1428 1614 1471 ἐαυ-

148 1500 227 1539 τοῦ
252 1500 598 1554 ἀναστρέφεσθαι
626 1498 772 1556 χώρᾳ,
806 1496 876 1539 δια
913 1500 1107 1552 Φρυγίας
1136 1498 1362 1551 ἐλάσαντα,
1390 1496 1441 1538 τὰ
1474 1495 1651 1550 ἔμπα-Β

88 1569 212 1611 2ολιν
238 1561 457 1618 γενόμενος
498 1565 720 1619 ἐπορεύετο
750 1562 860 1606 ευί9ὐ
891 1566 1105 1621 Φρυγίας,
1149 1562 1207 1614 ὦς
1243 1564 1294 1620 δὴ
1339 1562 1410 1605 καί
1443 1561 1614 1617 Τεμήρη

147 1628 275 1671 αι”τὸν
315 1627 462 1672 ἵεσθαι
501 1628 772 1675 ἐπυνθάνετο.
840 1629 948 1684 ταχύ
997 1631 1043 1672 δὲ
1091 1631 1371 1684 ἐπειγομένων
1414 1627 1615 1684 ἤνύετοὸ

146 1693 318 1752 δρόμος,
347 1692 456 1739 ὥστε
486 1695 538 1739 τὰ
571 1697 867 1752 στρατεύματα
897 1696 1031 1738 αὐτοῦ
1066 1695 1222 1752 πολλὴν
1251 1694 1510 1739 διανύσαντα
1542 1712 1615 1738 πο-

238 1823 272 1856 2.
299 1816 365 1864 dri?

148 1931 361 1972 maximum,
402 1931 591 1977 assumptis
627 1932 733 1965 etiam
773 1931 947 1966 Triballis
992 1932 1213 1966 satellitibus
1241 1933 1339 1973 suis,
1370 1932 1434 1977 qui
1464 1943 1612 1965 numero

149 1983 252 2012 erant
294 1978 394 2024 quasi
428 1978 550 2012 decem
580 1979 694 2012 mille.
744 1979 780 2012 in
808 1978 863 2013 his
890 1991 990 2025 spem
1030 1981 1220 2013 maximam
1248 1979 1407 2013 habebat
1431 1980 1613 2019 Paiazstes,

151 2029 191 2059 ut
235 2026 296 2071 qui
337 2025 562 2060 fortitudinis
599 2031 718 2060 essent
764 2038 905 2072 semper
943 2038 1118 2060 memores
1161 2038 1381 2073 quocunque
1417 2028 1611 2060 venissent.

149 2084 240 2118 quos
265 2071 539 2115 cohortabatur,
579 2073 702 2106 dicens
745 2073 977 2107 “Alexander
1011 2075 1168 2120 Philippi
1205 2074 1424 2108 Macedones
1462 2073 1611 2113 habens,

149 2125 387 2164 transgressus
410 2126 465 2154 est
491 2121 528 2154 in
551 2120 668 2153 Asiam
685 2147 693 2161 ‚
719 2121 860 2154 crimini
894 2121 983 2154 dans
1007 2122 1117 2155 Dario
1148 2123 1272 2156 Xerxis
1298 2123 1336 2154 in
1365 2122 1520 2154 Graecos
1548 2133 1612 2154 ex-

149 2166 386 2213 peditionem,
414 2179 528 2212 pauca
554 2179 698 2201 suorum
737 2180 843 2201 manu
870 2176 1020 2213 pergens
1047 2170 1084 2202 in
1115 2169 1278 2211 hostem,
1305 2170 1452 2201 Darium
1479 2168 1614 2201 devicit

150 2219 188 2248 et
211 2214 328 2248 Asiam
350 2214 502 2259 subegit,
528 2216 766 2262 pervenitque
793 2227 907 2262 usque
933 2216 977 2248 ad
1003 2216 1114 2250 Phain
1144 2218 1260 2250 Asiae.
1308 2217 1344 2248 in
1369 2227 1467 2261 spem
1497 2217 1613 2260 erigor

149 2267 187 2295 et
209 2261 286 2308 ipse
323 2273 379 2295 me
415 2263 520 2295 facile
553 2268 678 2296 nostro
718 2263 878 2296 exercitu
915 2263 1176 2298 destructurum
1202 2264 1357 2297 Temiris
1380 2274 1549 2307 regnum,
1577 2268 1613 2296 et

149 2307 283 2342 deinde
324 2320 549 2343 accessurum
588 2309 634 2342 ad
670 2309 779 2343 Indos
820 2314 967 2356 usque?
1025 2323 1206 2345 assumens
1233 2312 1358 2356 itaque
1383 2310 1612 2355 Europaeum

149 2356 392 2402 Asianumque
419 2358 629 2398 exercitum,
656 2357 719 2402 qui
745 2357 1056 2402 complectebatur
1083 2359 1185 2404 quasi
1214 2357 1404 2391 duodecim
1434 2356 1612 2401 myriades

150 2400 354 2444 hominum,
379 2410 474 2438 recta
515 2405 584 2437 iter
609 2404 770 2438 instituit
795 2404 963 2439 adversus
991 2407 1194 2446 Temirem,
1225 2405 1372 2450 cupiens
1400 2415 1479 2437 eum
1506 2416 1612 2449 prae-

152 2454 293 2483 vertere
329 2455 367 2484 et
399 2452 438 2484 in
472 2451 584 2496 ipsius
617 2452 762 2496 regione
798 2458 913 2486 castra
947 2453 1065 2486 locare
1100 2454 1199 2486 iuxta
1227 2451 1465 2496 Euphratem,
1491 2452 1612 2485 animo

150 2497 289 2540 agitans
324 2497 374 2530 ibi
412 2497 583 2532 dimicare
619 2511 698 2532 cum
728 2500 886 2532 Temire.
949 2501 1111 2534 Temires
1148 2499 1298 2546 quidem
1328 2500 1523 2532 exercitum
1548 2510 1613 2544 per

151 2542 340 2588 Phrygiam
374 2543 565 2579 ductabat:
604 2550 640 2580 at
666 2546 838 2580 Paiazites
870 2547 980 2580 citato
1009 2548 1146 2592 agmine
1172 2547 1357 2579 ferebatur
1381 2557 1446 2592 per
1472 2546 1612 2591 Cappa-

151 2590 311 2631 dociam,
350 2603 610 2637 praeoccupare
645 2593 771 2628 volens
797 2594 1014 2638 Euphratem
1056 2605 1119 2639 per
1147 2593 1365 2626 Armeniam.
1415 2598 1455 2627 ut
1481 2599 1612 2634 autem,

150 2649 230 2670 cum
257 2638 351 2671 foret
378 2639 414 2671 in
444 2641 619 2680 Armenia,
646 2641 785 2686 accepit
800 2642 980 2674 Temirem
1005 2642 1130 2674 iamin
1156 2652 1252 2673 suam
1282 2640 1470 2674 accessisse
1495 2642 1611 2685 regio-

150 2695 245 2725 nem,
269 2685 338 2718 iter
361 2697 424 2731 per
452 2686 635 2731 Phrygiam
663 2688 870 2730 facientem,
894 2694 1032 2722 mutato
1061 2688 1212 2722 consilio
1241 2692 1335 2720 recta
1362 2688 1400 2721 in
1426 2687 1611 2732 Phrygiam

151 2732 358 2774 contendit,
400 2733 462 2766 ubi
495 2734 634 2767 obviam
670 2735 837 2780 progredi
875 2737 1053 2769 Temirem
1095 2735 1336 2768 intellexerat.
1385 2746 1463 2770 cum
1492 2741 1610 2769 autem

152 2779 366 2813 acceleraret
393 2780 480 2822 iter,
521 2780 651 2815 accidit
688 2789 728 2815 ut
761 2783 936 2816 exercitus
980 2783 1088 2827 longo
1124 2783 1253 2815 itinere
1284 2782 1437 2827 graviter
1464 2787 1611 2817 vexatus
