1774 3204
212 177 308 228 412
544 187 761 228 LAoNici
797 187 1303 230 CHALCOCONDYLAE

175 284 448 331 (ζελαιὶνοντες
489 283 683 337 ἀφίκοντο
729 286 771 332 ές
797 284 872 338 την
913 284 1110 340 Ἰθώμην,
1149 285 1324 337 ἐναλλάξ
1350 284 1548 340 ἑπομένου
1571 291 1647 330 τοῦ

217 349 350 399 Θωμᾶ
377 350 573 402 νεωτέρου
600 348 788 402 ἀδελφοῦ
812 353 870 406 τῷ
897 353 1072 405 στρατῷ,
1104 349 1174 391 καί
1199 352 1479 405 ἐπίπολίχνην
1506 350 1646 394 Ἀετὸν
1693 364 1699 365 ’

214 411 484 464 καλουμένην,
514 414 877 466 προσχωρήσασαν
903 416 1162 467 Κεντηρι’ωνι
1193 415 1314 471 ὀλίγῳ
1344 415 1541 467 πρόσθεν.
1573 417 1646 456 καί

213 474 520 528 παρεστήσαντο
558 477 699 527 μέντοι
739 478 812 529 τὴν
846 478 984 529 πόλιν,
1015 481 1082 532 ἐφ’
1113 473 1145 534 ᾧ
1170 481 1286 530 χίλια
1316 477 1558 531 ἀνδράποδα
1586 481 1644 534 τῷ

213 538 492 592 στρατεύματι
529 538 600 580 καί
636 540 686 580 τὰ
719 536 825 581 ὅπλα
853 544 924 582 καί
962 541 1166 594 ὑποζύγια
1197 539 1484 595 παραδιδόναι.
1516 551 1678 596 προσ-5

214 605 430 658 εχώρησαν
471 606 547 655 μὲν
590 600 666 645 οὖν
711 606 858 647 αὐτίκα
894 607 966 647 καί
991 605 1028 647 οἱ
1056 610 1191 647 λοιποί
1218 610 1300 647 τῶν
1325 607 1533 659 Ἀλβανῶν
1558 612 1646 656 τοῖς

213 667 394 723 ἡγεμόσι,
423 667 818 722 διαπρεσβευόμενοι
849 673 918 725 ἐφ’
947 665 977 727 ᾧ
1007 670 1117 724 ἔχειν
1148 671 1302 720 αὐτοὺς
1329 668 1429 712 ἅττα
1459 669 1507 726 δὴ
1538 671 1645 726 ὑπη-

211 735 394 787 γάγοντο,
425 734 494 775 καί
537 737 686 781 ἵππους
711 738 783 775 καί
821 736 1026 788 ὑποζύγια
1067 735 1144 777 ὅσα
1177 735 1388 790 ἐληίσαντο
1417 735 1474 790 μὴ
1500 736 1646 778 (Enoch-

214 800 343 840 δόναι.
376 802 603 853 ξυνέβησαν
631 802 707 851 μὲν
737 799 806 840 ἐπὶ
835 799 987 848 τούτοις
1013 803 1067 857 τῷ
1097 799 1263 853 ἡγεμόνι
1281 803 1413 841 αὐτοῦ
1439 803 1618 849 ἕκαστος.

329 864 599 918 Τουραχιένης
633 868 710 916 μὲν
746 866 936 917 ἐβούλετο
965 867 1122 918 ἀσθενῆ
1150 873 1280 907 ποιεῖν
1309 865 1359 906 τοὶ
1386 868 1465 907 τῶν
1489 866 1643 919 Ἀλβα-
1659 872 1701 906 10

169 931 292 978 Βνῶν
326 927 571 982 πράγματα,
611 927 716 970 ὥστε
745 932 820 970 τοῦ
848 931 993 971 λοιποῦ
1019 933 1207 983 χρῆσθαι
1239 930 1379 978 αὐτοῖς
1409 930 1646 984 ἐπιτηδείως

212 996 358 1048 σφίσιν
387 996 456 1034 ἐπί
483 992 527 1034 τὸ
569 996 771 1043 ξυνοι’σειν
813 993 954 1042 αὐτοῖς
998 996 1156 1035 δοκοῦν.
1213 993 1306 1035 ἐπεί
1327 1010 1369 1036 τε
1399 993 1450 1048 δὴ
1479 993 1647 1045 ἔμελλεν

213 1058 472 1110 ἀπελαύνειν,
502 1057 753 1112 ἀφικόμενος
775 1053 901 1105 αὖθις
928 1059 970 1106 ές
998 1059 1142 1111 λόγους
1171 1059 1423 1113 ἀμφοτέροις
1441 1064 1525 1106 τοῖς
1554 1058 1646 1112 ἦγε.

211 1119 335 1174 μόσιν
378 1119 490 1174 ἔλεγε
535 1121 689 1162 τοιάδε.
759 1117 823 1161 “03
869 1125 1054 1174 βασιλεῖς
1089 1122 1315 1175 Ἑλλήνων,
1353 1121 1448 1174 ἐμοὶ
1471 1123 1549 1172 μὲν
1577 1123 1649 1163 καὶ

212 1184 409 1240 πρότερον
443 1187 541 1242 τῇδε
578 1189 856 1243 συγγενομένῳ
887 1186 1050 1242 εἴρηται
1077 1185 1226 1235 ἱκανῶς
1265 1185 1307 1235 ἐς
1337 1187 1447 1240 ὑμᾶς
1477 1184 1506 1228 ἃ
1537 1195 1703 1242 φρο-15

212 1254 292 1293 νῶν
322 1251 514 1304 τυγχάνω
551 1254 650 1305 περί
677 1251 728 1291 τὰ
766 1249 946 1306 ὑμέτερα
991 1251 1230 1305 πράγματα.
1299 1255 1371 1294 κατ’
1399 1254 1475 1294 νῦν
1504 1253 1550 1294 δὲ
1577 1267 1646 1294 το-

212 1314 333 1357 σόνδε
362 1312 413 1356 ἂν
442 1317 610 1368 λέγοιτο,
641 1314 697 1364 ὥς
716 1315 939 1367 ὁμονοοῦσι
957 1318 1034 1368 μὲν
1061 1319 1203 1369 πρῶτα
1225 1315 1325 1369 ὑμῖν
1343 1314 1458 1358 ἔσται
1478 1311 1647 1372 ἄφθονα

211 1378 400 1433 τάγαθά,
450 1380 701 1431 διενεχθεΐσι
741 1381 786 1420 δὲ
835 1380 907 1420 καί
937 1383 1035 1434 δι’χα
1063 1382 1295 1433 γενομένοις
1321 1379 1518 1422 τάναντία
1550 1380 1647 1423 τού-

211 1461 306 1500 των,
335 1444 475 1485 ἔπειτα
516 1446 562 1484 δὲ
591 1445 662 1485 καί
693 1445 751 1497 μή
785 1447 1049 1498 ἐπιτρέπουσι
1087 1447 1180 1486 καθ’
1208 1446 1389 1499 ἡσυχίαν
1419 1447 1648 1499 ἐξυβρίζειν

210 1509 306 1558 τούς
338 1508 546 1562 ὑπηκόους
577 1510 629 1556 ’ἐς
661 1507 795 1560 ὑμᾶς,
826 1507 930 1549 οἶλλα1
974 1511 1266 1564 ἀφειδέστερον
1295 1508 1492 1563 κολάζειν,
1520 1512 1704 1565 μηδέ-20

75 1589 110 1622 Ρ,
125 1588 193 1622 219
213 1590 310 1615 ποτε
341 1575 520 1626 ἡσυχίαν
558 1571 686 1626 ἄγειν.
754 1574 811 1621 ὥς
837 1577 963 1614 κακοῦ
994 1576 1070 1626 μὲν
1109 1574 1133 1627 ἦ
1164 1573 1288 1628 α’ρχή,
1315 1575 1387 1615 καί
1415 1571 1464 1628 ἢν
1490 1579 1649 1629 φαυλο-

211 1639 311 1694 τάτη
347 1635 452 1680 οὖσα
486 1639 642 1694 τυχάνῃ
659 1641 885 1693 προσοῦσα,
917 1638 985 1679 ἐπὶ
1011 1638 1117 1693 μέγα
1134 1645 1271 1693 χωρεῖ
1295 1641 1444 1680 αὐτίκα
1473 1636 1646 1694 ὕβρεως,

302 1739 358 1772 22.
388 1738 600 1772 ποοϊοῦσαζ)
844 1762 873 1767 ἢ

214 1837 408 1870 capessere,
434 1827 602 1859 contiuuo
626 1828 724 1870 sigua
762 1827 954 1858 inferentes
985 1836 1109 1870 cepere
1133 1827 1225 1858 viros
1252 1831 1288 1858 et
1309 1826 1476 1858 mulieres
1503 1827 1644 1859 circiter

212 1873 332 1905 decem
359 1874 467 1904 milia.
516 1873 569 1905 his
593 1873 641 1905 ita
667 1874 769 1917 gestis
789 1875 978 1905 exercitum
1004 1878 1188 1904 moverunt
1208 1872 1388 1911 lthommn,
1412 1872 1547 1904 Thema
1573 1873 1644 1904 fra·

214 1925 268 1952 tre
293 1920 432 1951 iuniore
463 1920 652 1951 exercitum
691 1930 802 1963 usque
836 1919 978 1951 mutatis
1003 1919 1138 1950 vicibus
1165 1919 1415 1962 subsequente.
1467 1918 1549 1951 hinc
1577 1925 1640 1951 ex-

215 1966 344 1998 ercitus
372 1965 513 1997 ducitur
539 1971 660 1997 contra
685 1965 804 1997 urbem
832 1965 957 1997 Actum
986 1965 1058 1997 sive
1087 1965 1250 2009 Aquilam
1281 1964 1427 2003 dictam,
1454 1975 1545 2009 quae
1570 1976 1650 2003 non*

214 2012 327 2044 inulto
357 2018 438 2043 ante
467 2012 689 2044 cente-rionis
719 2018 837 2055 partes
855 2017 973 2043 secuta
994 2011 1127 2051 fuerat3
1155 2022 1257 2054 quam
1283 2012 1318 2042 in
1334 2010 1438 2043 fidem
1465 2011 1530 2042 hac
1558 2022 1643 2043 con-

213 2058 353 2090 dicione
386 2062 616 2101 receperunt,
658 2063 697 2090 ut
724 2058 892 2089 exercitui
933 2057 1029 2088 mille
1062 2058 1255 2101 mancipia,
1291 2068 1382 2089 arma
1418 2062 1453 2088 et
1483 2053 1642 2089 iumenta

214 2104 402 2136 traderent.
450 2109 572 2147 postea
597 2109 632 2135 et
658 2104 786 2136 caeteri
817 2104 940 2135 Albani
963 2104 998 2134 in
1031 2102 1204 2135 dicionem
1236 2104 1354 2134 venire
1380 2102 1472 2134 haud
1505 2103 1642 2135 abnue-

213 2150 311 2190 bant,
335 2161 411 2182 cum
437 2150 618 2182 mitterent
654 2150 789 2192 legatos
815 2149 858 2180 ad
886 2149 1012 2188 duces,
1041 2151 1099 2193 qui
1138 2149 1297 2180 ιΙὶιθι-θιιῐ
1323 2148 1474 2181 Albanos
1501 2154 1642 2192 paratos

213 2208 289 2229 esse
319 2197 487 2240 imperata
515 2196 647 2234 iacere,
683 2197 710 2227 si
739 2201 943 2239 paterentur
972 2196 1066 2239 ipsos
1104 2194 1234 2226 habere
1266 2194 1340 2226 loca
1366 2205 1457 2238 quae
1485 2194 1641 2238 subegis-

213 2248 304 2283 sent,
333 2253 398 2274 nec
422 2247 632 2287 cogerentur
667 2253 776 2285 equos
803 2247 838 2273 et
874 2242 1050 2280 iumenta,
1086 2251 1177 2285 quae
1206 2240 1410 2284 praedando
1437 2241 1642 2294 acquisivis-

213 2295 293 2321 sent
314 2289 509 2321 restituere.
535 2287 762 2320 condiciones
787 2286 864 2326 hae,
892 2286 1186 2331 quemadmodum
1203 2286 1308 2318 duces
1327 2287 1455 2329 singuli
1477 2286 1512 2318 id
1531 2287 1642 2329 signi-

214 2335 373 2375 ficarunt,
397 2340 478 2367 sunt
505 2340 680 2378 acceptae,
706 2339 741 2366 et
765 2344 806 2365 ex
833 2344 874 2365 eo
891 2333 1018 2375 singuli
1038 2334 1108 2364 suis
1134 2332 1280 2364 ducibus
1305 2333 1523 2365 reconciliati
1548 2338 1640 2365 sunt.

304 2360 529 2414 'lui-achanes
563 2385 679 2412 autern
719 2379 754 2411 id
789 2379 981 2424 quaerebat
1015 2384 1053 2410 ut
1089 2390 1141 2411 res
1183 2378 1396 2411 Albanorum
1435 2379 1643 2412 infirmiores

216 2427 378 2466 efficeret,
406 2432 446 2459 ut
468 2428 504 2459 in
529 2432 707 2471 posterum
733 2426 909 2470 principes
948 2426 989 2456 iis
1017 2430 1201 2457 uterentur
1234 2424 1537 2457 commodioribus.
1586 2423 1644 2456 hic

213 2474 267 2505 vir
294 2485 370 2505 cum
397 2474 464 2505 iam
499 2473 688 2505 adornaret
724 2471 883 2510 abitum,
914 2471 1031 2504 denuo
1067 2482 1142 2503 cum
1176 2472 1316 2503 Graecis
1354 2472 1392 2503 in
1425 2470 1643 2515 colloquium

213 2520 323 2558 venit,
350 2524 385 2551 et
411 2520 447 2551 in
477 2519 570 2551 hunc
597 2518 739 2551 modum
766 2518 942 2550 disseruit.
990 2522 1035 2549 “o
1059 2528 1155 2560 reges
1181 2518 1406 2558 Graecorum,
1430 2528 1506 2549 cum
1531 2527 1645 2561 nuper

216 2565 310 2609 apud
336 2576 396 2597 vos
422 2577 615 2598 sermonen]
646 2564 834 2603 haberem,
862 2565 958 2604 satis,
986 2563 1128 2607 opinor,
1155 2563 1328 2596 declaravi
1353 2563 1450 2607 quid,
1474 2568 1642 2607 quantum

216 2612 345 2643 attinet
373 2612 417 2643 ad
444 2623 496 2644 res
522 2617 666 2650 vestras,
690 2611 764 2643 fieri
789 2610 906 2642 velim.
958 2608 1025 2642 hoc
1049 2615 1164 2641 autem
1201 2621 1292 2642 nunc
1317 2610 1468 2642 adiicere
1494 2609 1641 2653 placuit.

216 2659 244 2689 si
269 2657 458 2690 concordes
496 2659 652 2696 fueritis,
681 2668 733 2690 res
759 2662 894 2689 vestrae
934 2657 969 2687 in
994 2657 1186 2700 tranquillo
1224 2662 1259 2688 et
1286 2656 1388 2688 selice
1421 2655 1644 2699 requiescent

216 2708 328 2736 statu:
368 2709 403 2736 at
430 2705 457 2736 si
483 2703 660 2736 discordes
702 2703 838 2736 fueritis
874 2708 907 2736 et
934 2702 1168 2735 dissensiones
1200 2702 1401 2743 moveritis,
1429 2701 1642 2734 contrarium
