1748 3210
178 173 268 218 168
345 176 505 217 LAON.
546 176 735 218 CHALC.
777 179 847 217 DE
888 179 1056 220 REBUS
1099 181 1257 222 TURC.
1299 182 1345 222 L.
1373 183 1445 221 111.

171 272 562 327 παραστησάμενος,
592 276 663 315 καί
698 275 770 328 τὴν
801 274 1028 330 Ἀρμενίων
1057 276 1165 325 ἐντὸς
1201 278 1428 330 Εὐφράτου
1451 278 1597 330 χώραν

169 337 391 391 ἐτύγχανεν
430 333 560 378 οὖσαν
601 338 841 393 ὑπηγάγετο.
907 339 1008 391 μετὰ
1053 341 1098 381 δὲ
1132 344 1208 381 τοῦ
1243 340 1420 391 Τζοκίεω
1448 341 1597 389 παιδός

168 403 419 459 (ὁρμημένου
442 449 444 451 ,
465 401 546 442 α’πό
580 402 877 458 Σεμαρχάνδης
913 404 988 458 τήν
1016 420 1058 445 τε
1090 407 1322 458 Βαβυλῶνα
1352 406 1596 459 ἐπολιόρκει,

125 469 241 512 1)καί
271 465 396 507 αὐτόν
427 466 593 508 ἐπιόντα
626 466 664 508 οἱ
702 467 817 524 μάχῃ
848 468 1105 524 ἐπεκράτησε.
1162 471 1232 511 καί
1257 469 1328 524 τὴν
1356 471 1592 522 Βαβυλῶνα

168 529 283 586 ἑλών,
312 533 382 573 ἐπί
412 534 599 586 Ταβρέζη
626 533 823 587 ἐλαύνων,
854 536 895 582 ἐς
924 531 1041 575 τόνδε
1069 535 1340 590 συνδιαφέρει
1366 533 1440 576 τὸν
1470 532 1629 576 πόλις-5

53 610 96 642 v,
111 609 154 643 70
164 610 258 647 μον.
318 597 517 650 Χασάνης
543 598 682 647 μέντοι
711 596 733 637 ὅ
759 598 940 653 μακρός,
979 600 1210 651 Σκενδὲρεω
1240 601 1317 640 τοῦ
1342 596 1386 639 τὸ
1407 598 1596 651 ’Λρτζιγ-

163 657 282 713 γὰνιν
311 662 624 713 διακατέχοντος
664 661 860 715 ἀπόγονος
891 658 947 704 ὢν
978 663 1050 704 καί
1073 666 1145 716 τῆς
1175 661 1476 717 Καραῖλοόκεω
1504 664 1595 715 μοι’-

165 741 254 779 ρας,
281 724 352 767 ἐπὶ
378 725 448 779 τὴν
488 725 622 779 α’ρχὴν
652 730 896 780 παρεγένετο
923 727 998 781 τὴν
1021 727 1263 783 Ἀρμενίων,
1292 727 1595 779 συνελαυνομέ-

162 806 244 830 νων
270 791 385 846 αὐτῷ
408 793 488 831 τῶν
521 806 564 831 τε
606 793 909 843 Καραϊλούκεω
936 793 1107 833 παίδων.
1177 788 1290 834 οὗτοι
1318 789 1397 847 γὰρ
1427 791 1483 839 ὥς
1510 791 1591 831 ὑπὸ

163 857 237 896 τοῦ
275 857 480 907 βασιλέως
518 857 724 907 Τζανισᾶ,
752 855 1065 913 Καραϊσούφεω
1108 855 1285 909 παιδός,
1326 859 1370 898 ἐν
1396 858 1591 912 Σαμαχίῃ
1607 862 1649 898 10

163 917 500 973 πολιορκούμενοι
537 922 580 960 ἐν
613 917 756 975 α’πόρῳ
788 920 971 974 εἴχοντο,
999 924 1270 974 προσεδέοντο
1301 922 1377 962 τοῦ
1406 923 1591 972 Μπαϊμ-

165 982 330 1036 πούρεω
374 986 564 1036 ἐσβαλεῖν
605 983 645 1032 ἐς
675 984 749 1038 τήν
786 986 1010 1040 Μηδικήν,
1049 984 1093 1034 ὂς
1127 988 1312 1034 πεισθείς
1339 1001 1382 1027 τε
1409 987 1592 1039 ἐσέβαλε,

55 1062 90 1094 p,
108 1061 153 1095 89
165 1049 238 1089 καί
266 1050 474 1102 α’πανὲστη
504 1065 547 1091 τε
577 1049 597 1090 ὃ
626 1052 830 1100 Τζανισοῖς
856 1052 1088 1104 α’ποχωραῖν
1114 1052 1216 1105 πρὸς
1244 1050 1314 1092 τὸν
1331 1049 1593 1102 Μπαϊμποό-

167 1130 254 1168 ρην,
282 1113 334 1154 τοὶ
360 1116 436 1166 μὲν
463 1114 715 1167 συμβάλλων
734 1146 746 1167 ,
786 1116 836 1156 τὰ
879 1117 925 1157 δὲ
955 1116 1193 1170 ληιζόμενος
1217 1114 1290 1169 τήν
1317 1115 1463 1170 χώραν
1489 1115 1593 1156 ἐκεί-

165 1195 252 1221 νου.
310 1177 347 1219 οἱ
372 1181 511 1229 μέντοι
538 1177 727 1232 ἡγεμόνες
747 1211 758 1231 ,
790 1176 812 1218 ὅ
839 1195 883 1221 τε
913 1181 1151 1229 Μενδεσίας
1177 1181 1354 1235 Λίδίνης
1380 1180 1452 1222 καί
1479 1181 1594 1234 Σαρ-
1608 1189 1651 1223 15

162 1241 304 1297 χάιής,
334 1243 498 1292 ἁλόντος
526 1242 780 1298 Παιαζήτεω
811 1243 883 1298 τήν
903 1259 945 1286 τε
971 1242 1118 1297 χώραν
1141 1247 1367 1297 κατέλαβον
1389 1243 1595 1285 ἐπικελεύ-

165 1323 276 1356 οντος
314 1308 520 1362 Τεμήρεω,
551 1309 622 1349 καί
650 1311 691 1357 ἐς
721 1309 793 1363 τὴν
820 1307 972 1349 ἑαυτοῦ
988 1308 1134 1361 χώραν
1161 1311 1386 1350 καθίστατο
1412 1309 1594 1356 ἕκαστος.

165 1371 274 1427 ὄρῶν
305 1374 350 1414 δὲ
380 1373 579 1427 Χασάνης
622 1374 963 1426 συμβαλλομένην
1003 1373 1114 1428 αὐτῷ
1141 1373 1319 1425 δύναμιν
1358 1371 1594 1427 ἀξιόχρεων,

163 1436 238 1491 τήν
264 1453 306 1478 τε
333 1438 561 1490 Ἀρμενίων
595 1438 740 1491 χώραν
781 1437 1008 1492 ὑπηγάγετο
1036 1440 1108 1479 καί
1131 1437 1226 1486 τούς
1253 1439 1500 1490 Κιαπνίδας,
1528 1437 1599 1479 καί

165 1502 268 1557 πρὸς
295 1504 394 1550 τούς
425 1504 635 1556 Κολχίδος
661 1506 846 1555 βασιλεῖς
873 1504 1096 1556 ἐπιγαμίαν
1130 1502 1404 1557 ποιησάμενος
1431 1501 1595 1557 εἰρήνην
1606 1511 1652 1547 20

166 1566 401 1622 ἐποιήσατο.

169 1753 247 1775 eam
271 1744 536 1787 oppugnatione
562 1745 666 1787 cepit.
715 1745 933 1782 Armeniam,
958 1753 1050 1788 quae
1077 1744 1170 1775 iacet
1193 1743 1284 1775 intra
1308 1741 1532 1786 Euphratem,
1556 1742 1594 1775 in

169 1800 268 1822 suam
307 1789 482 1822 dicionem
518 1789 665 1832 redegit.
724 1789 808 1821 hinc
831 1790 974 1822 Tzokiis
999 1789 1073 1821 filio
1100 1789 1260 1833 profecto
1295 1799 1314 1820 a
1339 1787 1595 1821 Semarchanda

167 1835 385 1878 Babylonem
411 1836 648 1880 oppugnabat.
706 1836 819 1879 ipsum
858 1836 1047 1868 adeuntem
1074 1835 1207 1879 praelio
1232 1835 1328 1867 vicit.
1377 1833 1506 1866 exinde
1529 1835 1596 1866 Ba-

168 1881 337 1924 bylonem
372 1883 514 1925 capiens
544 1887 580 1914 et
614 1887 735 1914 contra
761 1881 954 1913 Tabrezem
994 1881 1185 1914 exercitum
1217 1880 1371 1920 ducens,
1415 1891 1494 1912 cum
1529 1880 1594 1913 illo

167 1928 305 1960 bellum
330 1929 447 1971 gessit.
497 1927 673 1960 Chasaues
706 1927 849 1972 quidem
876 1929 1012 1971 Longus
1040 1926 1242 1967 Soenderis,
1270 1927 1331 1971 qui
1358 1927 1595 1969 Artzinganim

169 1974 340 2012 tenebat,
366 1985 501 2018 nepos,
533 1979 569 2006 et
592 1985 635 2006 ex
662 1974 795 2006 familia
821 1974 1031 2013 Cxwailucis,
1070 1984 1213 2016 regumn
1237 1972 1420 2005 Armeniae
1447 1971 1596 2016 adeptus

171 2026 257 2060 erat,
286 2020 425 2052 adiutus
454 2020 496 2052 ab
523 2020 715 2052 Carailucis
741 2020 834 2059 filiis,
858 2020 918 2063 qui
944 2031 1012 2051 una
1043 2030 1119 2050 cum
1147 2019 1211 2050 illo
1238 2029 1280 2050 eo
1307 2018 1456 2061 profecti
1482 2024 1593 2051 erant.

169 2067 209 2099 hi
235 2078 312 2099 cum
330 2078 348 2098 a
366 2077 446 2109 rege
461 2067 610 2099 Tzanisa
627 2065 847 2109 Caraisuphis
866 2066 938 2097 filio
958 2065 1159 2098 Samachiae
1184 2065 1382 2107 gravissima
1409 2063 1596 2096 obsidione

168 2118 433 2157 premerentur,
476 2123 600 2156 resque
635 2123 754 2144 eorum
780 2111 966 2143 admodum
995 2111 1152 2143 lubricae
1186 2115 1319 2149 essent,
1345 2109 1509 2154 precibus
1532 2120 1594 2152 ag—

169 2159 277 2202 gressi
320 2164 401 2191 sunt
428 2159 644 2202 Paimpurem
677 2163 717 2190 ut
740 2159 887 2189 irrueret
921 2158 957 2190 in
983 2157 1121 2188 Mediae
1160 2157 1349 2199 regionem.
1405 2155 1466 2199 qui
1491 2155 1594 2188 facile

171 2204 265 2248 quod
303 2205 460 2249 petivere
493 2206 751 2248 impetrarunt:
783 2215 863 2235 nam
891 2204 926 2234 in
951 2202 1103 2235 Mediam
1136 2203 1274 2246 irrupit.
1323 2201 1385 2246 qui
1412 2212 1530 2234 rumor
1556 2206 1595 2235 ut

168 2252 326 2296 perlatus
361 2256 415 2283 est
446 2250 491 2283 ad
516 2251 721 2290 Tzanisam,
759 2249 947 2282 obsidione
987 2249 1106 2280 urbem
1142 2247 1333 2280 abscedens
1358 2247 1484 2287 solvit,
1509 2247 1595 2280 iter-

169 2308 240 2341 que
263 2296 364 2329 ssexit
388 2296 551 2330 adversus
576 2297 792 2341 Paimpurem
809 2320 817 2335 ‚
855 2296 979 2339 partim
1005 2294 1148 2339 quidem
1174 2294 1348 2337 regionem
1374 2293 1450 2326 eius
1474 2294 1512 2325 in
1536 2293 1593 2326 di-

170 2344 307 2375 cionem
334 2343 529 2387 accipiens‚
559 2344 684 2386 partim
711 2353 792 2374 vero
823 2347 972 2374 vastans.
1022 2340 1219 2379 Mendesis,
1243 2339 1421 2378 Aedines,
1447 2338 1594 2371 sarcha-

169 2399 232 2421 nes
267 2394 303 2421 et
326 2390 485 2422 Allontes
517 2390 677 2422 Paiazitis
718 2388 894 2430 regionem
928 2392 1145 2430 occuparunt
1177 2387 1272 2418 iussu
1301 2386 1470 2426 Temiris,
1497 2385 1593 2418 etin

171 2446 268 2467 suam
305 2436 433 2479 singuli
472 2435 635 2468 redibant
675 2435 863 2477 regionem.
913 2433 1088 2465 Chasanes
1123 2443 1269 2465 cernens
1303 2431 1369 2464 sibi
1398 2430 1593 2476 potentiam

172 2492 246 2513 esse
263 2484 457 2522 maximam,
480 2482 675 2515 Armeniam
702 2487 738 2512 et
753 2479 951 2523 Tzapnidas
968 2478 1116 2522 subegit,
1145 2485 1180 2511 et
1206 2489 1326 2522 pacem
1351 2476 1594 2511 intercedente

172 2526 338 2561 affinitate
364 2541 441 2561 cum
466 2528 646 2562 Colchidis
674 2537 752 2570 rege
778 2526 869 2558 fecit.
