1884 3178
497 199 570 239 DE
611 200 784 240 REBUS
823 195 1076 239 TURCICIS
1114 196 1162 236 L.
1193 199 1225 236 1.
1529 189 1586 232 51

123 300 183 358 τῷ
209 299 342 353 πατρί
370 297 423 339 ου’
454 295 566 340 πάνυ
593 314 629 340 τι
662 297 960 353 α’ρεσκόμενος.
1019 296 1272 339 ἐπιστέλλων
1299 294 1459 352 ἔφασκε
1484 294 1594 348 μήτε

124 366 228 414 τούς
258 360 462 420 ’Έλληνας
493 365 733 418 ἐπιτρέπειν
769 363 889 420 αὐτῷ
927 359 1120 419 χρῆσθαι
1160 368 1248 411 τοϊς
1286 361 1437 417 ἱεροῖς,
1485 358 1594 415 μήτε

127 428 258 473 αὐτόν
285 425 468 472 ἄλλοθέν
498 433 628 472 ποθεν
656 424 746 472 οἷόν
771 433 808 472 τ’
837 426 947 471 εἶναι
972 428 1177 483 χρήματα
1198 427 1397 485 ἐξευρεῖν,
1429 429 1596 471 ἐκέλευέ
1610 437 1644 471 P.
1660 434 1707 470 26

127 513 174 540 τε
203 493 309 553 ἄλλῃ
339 497 599 552 τραπόμενον
627 495 686 551 μὴ
717 497 959 549 διαμέλλειν
974 494 1182 549 κήδεσθαι
1206 492 1376 551 ἑαυτοῦ,
1405 492 1516 544 ὅπως
1544 489 1598 536 όὲν

93 562 358 608 5οἶπολόοιτο
398 564 475 605 τοῦ
512 563 681 616 χρέους.
748 562 1064 616 Ἐμμανουῆλος
1105 563 1154 602 δὲ
1193 558 1440 614 ὄνεώτερος
1468 564 1599 615 βασι*

128 632 234 678 λέως
262 635 372 685 παῖς,
402 628 720 681 πυνθανόμενος
748 624 793 671 οἷ
825 628 1008 683 α’νιέγκης
1038 627 1213 684 α’φίκετο
1241 626 1262 668 ὁ
1294 627 1436 682 πατὴρ
1466 628 1602 669 αὐτοῦ’

127 695 331 749 βασιλεὺς
377 693 460 736 ὑπὸ
487 692 678 750 Ἑνετῶν,
708 695 848 748 εύρῶν
875 693 1079 748 χρήματα
1110 695 1184 736 καί
1206 693 1491 748 πορισάμενος
1522 689 1602 735 ὅσα

128 759 327 817 ἠδύνατο,
356 758 419 803 ὅτι
451 758 635 815 τάχιστα
666 762 797 816 ἐπέβη
822 758 934 816 νηός,
967 759 1042 802 καὶ
1072 761 1286 803 διαπλέων
1316 761 1359 808 ἐς
1390 759 1466 814 τὴν
1489 759 1604 801 ‘Eve-

129 829 214 870 τῶν
240 825 362 869 πόλιν
391 823 578 883 ἀφίκετο,
607 827 657 869 τά
683 843 727 869 τε
755 827 958 882 χρήματα
987 828 1131 884 φέρων
1158 826 1352 868 οἶπέδωκε
1379 828 1439 884 τῷ
1460 826 1603 881 πατρῖ,

74 902 118 938 10
131 889 210 938 ὅσα
241 894 469 948 ἑπορίσατο
515 893 621 936 κατὰ
664 892 739 949 τὴν
773 894 971 950 Θέρμην,
1015 891 1068 948 ἥν
1095 888 1191 936 τινα
1222 895 1503 948 ἐπετέτραπτο
1531 893 1606 934 καί

114 951 428 1002 ’καταλέλειπτο
461 960 769 1015 ἐπιτροπεύειν.
837 959 912 1001 καί
956 957 1111 1002 ἑαυτὸν
1159 960 1207 1002 δὲ
1235 954 1350 1014 ἄγων
1379 960 1603 1014 παρείχετο

128 1027 324 1081 χρῆσθαι
368 1027 427 1082 τῷ
455 1027 615 1082 πατρί,
643 1022 666 1067 ὅ
704 1043 747 1069 τι
783 1022 837 1069 ἂν
877 1027 1088 1081 βούλοιτο.
1145 1029 1221 1069 καί
1261 1024 1308 1068 τὸ
1349 1026 1432 1067 ἀπὸ
1478 1026 1604 1067 τοῦδε

129 1094 372 1150 ᾠκειῶσθαι
402 1094 711 1149 Ἐμμανουῆλον
750 1097 810 1151 τῷ
853 1093 982 1148 πατρὶ
1023 1095 1067 1143 ές
1108 1092 1160 1135 τὰ
1203 1091 1392 1146 μάλιστα
1436 1091 1642 1149 συνήθηΒ

130 1155 244 1212 ὅντα,
266 1158 534 1215 Ἀνδρόνικον
561 1161 610 1202 δὲ
637 1162 967 1215 ἀπεχθάνεσθαι
985 1159 1030 1203 τὸ
1062 1163 1259 1203 ἐντεῦθεν
1286 1159 1501 1214 μεγάλως·
1531 1162 1607 1201 καί

75 1226 176 1271 15τὸ
206 1227 316 1280 μέγα
346 1227 394 1268 δὲ
424 1224 556 1281 ἔχθος
582 1226 816 1281 ἀρξάμενον
851 1225 935 1269 απὸ
967 1226 1119 1269 τούτου
1150 1229 1362 1282 ξυμβῆναι
1390 1227 1602 1280 α’λλίλοις,

131 1290 184 1335 τά
211 1308 254 1335 τε
285 1288 394 1334 αλλα
442 1293 568 1350 σφίσι
604 1294 677 1335 καὶ
718 1295 760 1342 ἐς
806 1292 883 1348 τήν
923 1295 1146 1347 βασιλειάν
1182 1292 1524 1349 διαφερομένοις
1581 1293 1603 1335 ὅ

131 1361 210 1412 μὲν
239 1354 316 1400 ουν
345 1358 548 1413 βασιλεὺς
572 1358 803 1413 Ἑλλήνων,
832 1354 947 1408 οἷς
921 1374 995 1415 ηκε
1026 1360 1170 1415 φέρων
1198 1358 1418 1414 χρήμασιν
1443 1359 1603 1413 Ἐμμα-

130 1428 332 1480 νουῆλος,
371 1423 422 1467 τὰ
451 1427 562 1481 χρέα
591 1441 637 1467 τε
677 1422 882 1468 ἀπελύετο
921 1425 1030 1480 πρὸς
1061 1426 1162 1476 τοὺς
1184 1424 1400 1478 Ἑνετοός,
1431 1427 1506 1467 καί
1531 1427 1605 1468 ἐπὶ

131 1490 371 1544 Βυζάντιον
413 1490 599 1533 ἐπανιών
630 1492 951 1546 διεπρεσβεύετο
984 1490 1091 1546 πρὸς
1127 1494 1309 1545 βασιλέα
1343 1492 1601 1548 Ἀμουράτη,

72 1561 306 1611 ποπέμπων
334 1556 453 1599 τόνδε
482 1557 554 1600 τὸν
582 1560 714 1599 παῖδα
746 1558 882 1599 αὐτοῦ
913 1556 989 1600 τόν
1022 1560 1224 1613 νεώτερον
1255 1558 1327 1601 ἑπί
1353 1559 1430 1608 τὰς
1459 1556 1657 1615 θύρας-ν.
1672 1567 1718 1603 21

131 1624 278 1666 αὐτοῦ.
335 1624 456 1679 ἠξίου
487 1639 533 1666 τε
575 1623 705 1666 αιῗτόν
745 1625 802 1673 ὠς
836 1620 926 1667 οἷόν
956 1640 1000 1667 τε
1030 1625 1215 1678 μάλιστα
1242 1624 1500 1680 θεραπεύειν
1532 1626 1606 1668 καὶ

130 1691 494 1746 συστρατεύεσθαι
523 1686 621 1732 ὅποι
654 1687 707 1732 ἂν
735 1692 923 1747 κελεύοι,
953 1693 1028 1734 καί
1053 1695 1277 1747 προσέχειν
1306 1708 1351 1734 τε
1384 1692 1502 1750 αὐτῷ
1528 1690 1603 1748 τήν

225 1809 259 1844 6.
285 1803 336 1853 οἷ]
363 1810 447 1849 οἵας
470 1810 495 1844 Ρ
612 1809 670 1845 22.
698 1815 906 1856 προσεῖχον
930 1810 955 1844 P

131 1919 293 1953 nuntiari
321 1917 423 1952 iubet
447 1917 602 1952 Graecos
631 1918 731 1951 nolle
760 1917 959 1951 concedere
990 1923 1030 1951 ut
1065 1929 1182 1951 sacros
1219 1917 1405 1952 thesauros
1432 1916 1600 1964 diripiat;

132 1977 199 1999 nec
222 1978 260 2000 se
291 1965 438 1999 aiiunde
462 1971 598 1999 tantam
621 1965 801 2011 pecuniae
834 1966 903 1998 vim
934 1964 1120 1998 corradere
1156 1977 1274 2010 posse.
1325 1965 1481 2012 proinde
1507 1967 1536 1999 si
1561 1977 1599 1998 se

133 2013 251 2059 ipsum
276 2014 458 2057 negligere
482 2013 596 2054 nolit,
621 2013 694 2046 alio
732 2024 769 2046 se
793 2017 911 2046 vertat
934 2012 980 2046 ad
1007 2013 1199 2058 pecuniam
1229 2013 1437 2058 parandam,
1462 2025 1536 2059 quo
1561 2024 1598 2046 se

133 2061 290 2095 liberare
312 2072 409 2094 nexu
434 2060 561 2105 possit.
622 2060 795 2093 Emanuel
821 2060 917 2093 filius
942 2062 1034 2103 regis
1068 2061 1200 2101 iunior,
1231 2071 1312 2093 cum
1337 2061 1536 2094 audivisset
1561 2061 1600 2094 in

131 2114 303 2154 quantam
328 2108 579 2142 necessitatem
605 2113 710 2152 pater
745 2119 828 2140 suus
855 2119 914 2141 rex
952 2119 972 2140 a
999 2107 1146 2141 Venetis
1174 2113 1270 2141 esset
1297 2107 1458 2149 adactus,
1485 2108 1599 2141 colle-

131 2161 189 2190 cta
216 2160 254 2189 et
279 2161 404 2189 exacta
429 2166 538 2202 quam
562 2155 713 2188 maxima
738 2155 915 2200 pecuniae
936 2155 969 2187 vi
986 2166 1114 2188 navem
1140 2155 1363 2197 conscendit,
1387 2166 1599 2200 summaque

132 2203 319 2236 celeritate
352 2210 437 2236 usus
470 2203 571 2236 venit
606 2202 789 2235 Venetias.
851 2202 1044 2247 pecuniam
1078 2213 1242 2242 omnem,
1288 2214 1396 2249 quam
1431 2208 1601 2246 exegerat

131 2249 323 2291 'ilaei-mae,
349 2251 406 2283 cui
434 2250 515 2284 urbi
541 2249 721 2294 regendae
746 2249 950 2294 praefectus
977 2254 1064 2291 erat,
1089 2250 1183 2294 patri
1210 2250 1360 2284 obtulit.
1410 2255 1599 2296 praeterea

133 2307 172 2331 se
197 2298 315 2343 ipsum
336 2308 484 2343 quoque
506 2298 601 2344 patri
632 2296 792 2336 tradidit,
822 2302 862 2330 ut
886 2308 923 2330 se
948 2308 1014 2342 pro
1039 2297 1190 2330 arbitrio
1216 2303 1390 2331 uteretur.
1443 2296 1514 2330 hoc
1540 2297 1597 2330 sa-

133 2350 230 2378 ctum
259 2346 489 2378 Emanueiem
514 2345 608 2390 patri
637 2349 673 2378 et
697 2344 916 2377 carissimum
941 2349 978 2377 et
1008 2343 1325 2378 familiarissimum
1355 2343 1530 2378 reddidit:
1560 2351 1599 2378 at

132 2392 285 2426 alterum
310 2392 435 2433 fliium,
461 2403 591 2436 nempe
618 2391 888 2433 Andronicum,
918 2391 1172 2425 incitatissimo
1201 2392 1333 2425 exinde
1358 2391 1444 2424 odio
1500 2402 1597 2424 erse·

134 2439 324 2485 quebatur.
387 2439 486 2486 quod
513 2450 593 2472 cum
617 2438 702 2472 hine
726 2439 900 2483 originem
927 2439 1137 2494 sumpsisset
1154 2463 1164 2480 ‚
1190 2439 1413 2484 pertinacius
1438 2404 1599 2473 iniiaesit

134 2487 320 2532 utrisque,
363 2486 447 2520 dum
472 2487 566 2520 inter
589 2498 628 2520 se
654 2486 894 2527 dissiderent,
934 2486 1028 2519 inter
1067 2493 1209 2520 caetera
1234 2488 1342 2519 etiam
1366 2491 1517 2532 propter
1541 2496 1598 2519 re-

133 2545 252 2578 gnum.
305 2545 365 2567 rex
389 2533 600 2568 Graecorum
627 2545 669 2567 ea
693 2534 870 2580 pecunia,
906 2544 1014 2579 quam
1042 2534 1217 2566 Emanuel
1245 2533 1450 2571 advexerat,
1477 2532 1596 2566 credi-

133 2581 274 2615 toribus
295 2581 446 2615 Venetis
471 2582 657 2615 satisfecit.
719 2592 952 2627 reversusque
985 2582 1194 2625 Byzantium
1219 2579 1346 2626 (1370)
1372 2581 1471 2614 misit
1496 2581 1597 2626 lega-

134 2629 270 2662 tionem
299 2628 343 2661 ad
371 2639 488 2672 regem
514 2630 740 2671 Amuratem3
785 2634 971 2674 praeterea
1015 2628 1131 2661 filium
1159 2639 1262 2660 suum
1299 2628 1336 2660 in
1363 2628 1479 2661 ianuis
1505 2629 1597 2672 regis

134 2675 316 2722 stipendia
342 2675 460 2709 facere
485 2677 600 2710 iussit
651 2677 838 2710 Amurates
877 2676 1070 2720 imperavit
1094 2675 1223 2708 Ioanni
1255 2680 1295 2708 ut
1319 2686 1357 2709 se
1382 2686 1492 2721 quam
1520 2687 1599 2708 ma·

134 2724 230 2755 xima
269 2722 339 2755 fide
376 2723 540 2764 coleret,
566 2734 633 2756 nec
673 2735 775 2756 suam
801 2723 990 2762 militiam,
1016 2732 1235 2768 quocunque
1264 2721 1403 2756 bellum
1428 2728 1599 2759 verteret,

135 2769 363 2804 detrectaret
430 2771 584 2804 Ioannes
621 2769 708 2803 <lilia
690 2776 814 2815 genter
853 2770 1010 2804 animum
1045 2768 1216 2809 intendit,
1243 2780 1287 2803 ne
1314 2769 1484 2816 deinceps
1510 2766 1600 2817 quid
