1884 3178
501 185 575 224 DE
613 183 787 224 REBUS
827 181 1082 224 TURClClS
1123 182 1169 221 L.
1200 183 1273 222 111.
1515 183 1608 226 113

132 287 175 335 ἒς
201 290 349 340 χεῖρας
383 282 559 326 ἔλθοντα
600 288 690 332 τοῖς
723 283 928 330 ἐναντίοις
971 280 1104 336 φασίν
1156 281 1286 323 αὐτὸν
1312 283 1612 337 μαχεσάμενον

133 353 395 406 τρέψασθαι,
433 351 504 392 καί
530 346 809 392 ἐπιδιώκοντα
831 346 979 390 ἐλάσαι
1003 364 1047 389 τε
1069 349 1111 396 ἐς
1133 351 1382 405 Βαβυλῶνα,
1417 347 1463 390 τὸ
1487 353 1610 403 Παγ-
1626 360 1660 392 Ρ,
1677 358 1722 392 60

139 415 257 460 δάτιν
295 413 408 458 οὕτω
449 414 734 468 καλούμενον,
776 417 849 456 καί
893 416 1200 468 πολιορκοῦντα
1241 417 1614 470 μεταπέμψασθαι

137 482 214 526 τὸν
240 481 401 526 ἑαυτοῦ
442 480 651 537 δεσπότην
694 483 893 534 βασιλέα.
962 479 1071 532 μετὰ
1116 482 1163 522 δὲ
1207 483 1342 522 ταῦτα
1383 482 1435 524 οὖ
1479 482 1615 523 πολύν

105 556 127 591 5
137 549 294 605 χρόνον
338 547 661 604 τελευτήσαντος
705 549 782 589 τοῦ
818 549 1054 601 βασιλέως,
1098 548 1238 601 γῆμαί
1256 563 1299 589 τε
1327 547 1403 602 την
1432 554 1612 603 γυναῖκα

137 618 219 659 τοῦ
251 615 455 658 δεσπότου
498 615 635 657 αὕτοῦ
669 616 743 656 καί
783 615 827 663 ἐς
867 611 943 666 τήν
971 615 1192 666 βασιλείαν
1226 616 1498 669 καταστῆναι.
1557 613 1614 664 ὥς

140 685 188 725 δὲ
220 684 263 732 ἐς
289 682 364 736 τήν
398 683 620 735 βασιλείαν
647 681 851 737 ἄφίκετο,
898 678 1030 722 ἐπιών
1071 679 1119 720 τό
1148 695 1192 721 τε
1235 681 1435 734 Παγδάτι
1465 684 1540 722 καί
1567 680 1611 722 τὸ

141 748 422 802 Σαμαρχοίνδι
459 746 710 801 ἐπολιόρκει.
781 749 853 788 καί
893 747 946 787 ου’
983 744 1089 786 πολύ
1133 741 1336 801 ὕστερον,
1383 745 1439 796 ὥς
1469 746 1615 798 ἔξοδον

141 813 419 870 ποιησάμενοι
464 811 502 856 οἱ
527 816 601 867 τῆς
629 812 791 861 πόλεως
834 813 960 854 ου’δὲν
991 814 1113 853 πλέον
1154 810 1280 865 ἔσχον
1310 815 1402 854 ἀλλ’
1433 813 1616 868 ἡττημέ-

84 887 128 922 10
141 896 207 924 νοι
235 883 417 935 ἐσῆλθον
459 882 501 930 ές
545 878 619 934 τὴν
647 880 771 921 πόλιν
799 881 872 920 καί
904 880 1252 933 ἐπολιορκοῦντο,
1284 878 1615 933 προσεχώρησαν

140 949 259 1005 mitrii
287 949 385 988 καθ’
414 946 658 1000 ὁμολογίαν.
728 945 786 994 ὥς
821 947 892 988 έπί
923 944 999 999 τήν
1031 947 1106 999 τῆς
1139 944 1445 999 Σεμαρχάνδης
1476 943 1616 999 α’ρχην

140 1017 406 1069 παρεγένετο,
438 1014 671 1066 προδοσίαν
702 1015 960 1065 συνθέμενον
997 1018 1084 1060 τοῖς
1113 1012 1158 1053 ἐν
1186 1015 1239 1068 τῇ
1269 1015 1499 1065 Βαβυλῶνι
1533 1013 1616 1053 av’-

139 1078 238 1134 τόν,
277 1082 484 1137 Χαϊδαρῇ
513 1081 555 1128 ἐς
605 1080 725 1121 τοῦτο
760 1076 1034 1134 χρησάμενον
1085 1078 1284 1135 ὑπηρέτῃ.
1360 1080 1433 1120 τὸν
1474 1081 1654 1131 μέντοιΒ

143 1147 348 1201 Μυρξιήν
375 1143 511 1200 ἄνδρα
541 1148 706 1201 ἐπιεικῆ
733 1162 777 1188 τε
817 1144 908 1199 ἅμα
941 1147 1014 1186 καί
1043 1148 1327 1199 συγκιρνῶντα
1363 1146 1436 1187 τὸν
1475 1147 1617 1199 Τεμή-

86 1219 128 1255 15
142 1229 238 1268 ρεω,
276 1216 422 1267 θυμοῦ
453 1217 647 1268 κατέχειν
678 1213 967 1269 ἐμφερόμενον
999 1214 1070 1268 ἐφ’
1104 1209 1127 1252 ὅ

140 1279 364 1336 προσήκειν
408 1282 524 1338 αὐτῷ
563 1279 638 1334 τὴν
679 1280 836 1335 ἀρχήν.
897 1279 1147 1335 ἐξηγεῖσθαί
1169 1295 1210 1320 τε
1247 1279 1361 1335 αὐτῷ
1390 1278 1464 1332 την
1495 1277 1536 1328 ἐς
1563 1276 1616 1319 τοὶ

140 1346 396 1402 συσσιτήρια
431 1346 633 1402 Τεμὴρεω
664 1345 877 1401 ἐσήγησιν.
938 1347 1015 1400 τήν
1046 1362 1091 1386 τε
1121 1344 1200 1399 γάρ
1238 1345 1445 1398 στρατιὰν
1474 1345 1618 1386 αὐτῶν

141 1412 369 1465 ξύμπασαν
398 1415 608 1468 Μυρξίεω
653 1410 962 1464 ὗποτιθεμένου
1004 1411 1315 1463 ἑπιδιελόμενος
1356 1411 1376 1453 ὁ
1424 1412 1619 1465 Τεμήρης

139 1477 234 1521 ἐστε
279 1479 491 1533 δεκάρχας
534 1479 608 1520 καί
636 1479 848 1533 λοχαγούς
880 1482 954 1521 καί
999 1478 1050 1533 δὴ
1083 1481 1155 1519 καί
1182 1477 1423 1530 ἐνωμοτίας,
1453 1476 1523 1519 τὸν
1552 1479 1619 1518 δε-

82 1557 130 1590 20
141 1546 305 1600 κάρχην
326 1544 544 1600 παρεγγύα
568 1548 738 1588 δίαιταν
761 1543 1054 1599 παρεχόμενον
1070 1552 1154 1594 τοῖς
1175 1547 1275 1596 μεθ’
1303 1542 1459 1585 ἑαυτοῦ
1488 1560 1620 1598 στρα-

141 1613 314 1661 τιώταις
344 1619 544 1666 παρεῖναι
574 1611 726 1654 αυ’τι’κα
755 1614 809 1668 τῷ
830 1613 1011 1669 λοχαγῷ,
1042 1611 1117 1664 τήν
1146 1610 1345 1665 ταχίστην
1376 1611 1620 1665 παρεχόμε-

141 1694 210 1720 νον
237 1677 340 1727 τοὺς
368 1677 646 1735 στρατιώτας,
679 1676 852 1719 ἐπειδᾶν
892 1681 1150 1734 παραγγέλῃ,
1180 1675 1276 1724 τούς
1309 1679 1354 1718 δὲ
1385 1674 1443 1717 αὖ
1473 1693 1620 1730 παρα-

139 1746 385 1799 γενομένους
414 1746 472 1802 τῷ
492 1746 698 1802 σφετέρῳ.
731 1749 976 1799 γενομένους
1007 1746 1053 1786 δὲ
1071 1743 1112 1793 ἐς
1140 1742 1189 1786 τά
1223 1744 1432 1799 συσσίτια,
1465 1743 1616 1785 ου’δένα
1633 1758 1658 1790 (3

1157 1228 1198 1253 τι
1233 1209 1284 1253 ἄν
1314 1210 1528 1266 ἡγήσαιτο,
1552 1211 1616 1267 μὴ

145 1925 328 1965 Temnos,
369 1924 431 1957 ubi
472 1924 517 1958 ad
550 1937 676 1959 manus
715 1933 861 1960 ventum
890 1933 988 1967 erat,
1026 1925 1146 1959 hostes
1186 1932 1286 1970 terga
1310 1930 1451 1958 vertere
1478 1924 1615 1968 coegit3

148 1973 301 2018 ipseque
326 1971 508 2015 fugientes
536 1974 720 2007 insecutus
746 1975 922 2020 compulit
948 1975 985 2007 in
1014 1973 1231 2017 Babylonem
1263 1972 1447 2016 Pogdatim
1475 1983 1616 2004 nuncu-

145 2024 276 2064 patam,
303 2029 410 2064 quarn
435 2019 628 2054 obsidione
657 2022 804 2065 cingens
832 2022 1018 2055 dominum
1048 2033 1150 2054 suum
1182 2032 1299 2064 regem
1326 2020 1522 2063 accersivit.
1551 2018 1618 2051 de-

148 2067 232 2100 hinc
259 2072 420 2112 tempore
447 2066 591 2101 modico
619 2069 810 2103 interiecto
838 2080 898 2102 rex
923 2076 1086 2102 mortuus
1115 2075 1180 2108 est,
1207 2070 1358 2112 eiusque
1390 2077 1537 2099 uxorem
1564 2067 1618 2099 vi-

146 2113 256 2146 duam
293 2113 478 2148 connubio
518 2115 588 2148 sibi
620 2117 739 2150 iunxit
770 2118 955 2158 Temires,
984 2117 1156 2162 regnique
1188 2117 1344 2159 regimen
1372 2115 1522 2148 sortitus
1550 2119 1615 2146 est.

146 2172 224 2194 cum
250 2166 369 2195 autem
394 2163 466 2195 iam
493 2173 559 2207 pro
583 2174 664 2207 rege
695 2175 732 2197 se
760 2170 920 2208 gereret,
947 2163 1130 2208 Pogdatim
1159 2168 1195 2196 et
1221 2161 1519 2196 Semarchandam
1550 2172 1619 2205 op-

146 2209 330 2254 pugnavit.
382 2220 449 2242 nec
474 2209 589 2244 multo
615 2217 698 2256 post
724 2223 803 2244 cum
835 2211 1010 2257 oppidani
1037 2213 1074 2244 in
1104 2212 1259 2244 militum
1287 2210 1462 2242 stationes
1490 2219 1619 2240 excur-

147 2261 279 2296 rerent,
305 2267 373 2289 nec
398 2257 598 2298 vincerent,
624 2269 746 2292 verum
767 2260 1006 2299 vincerentur,
1040 2259 1168 2292 reversi
1195 2260 1232 2290 in
1258 2258 1382 2290 urbem
1412 2256 1617 2300 gravissima

147 2302 339 2336 obsidione
372 2303 634 2348 affligebantur.
702 2318 809 2353 quam
851 2318 930 2340 cum
972 2306 1129 2339 tolerare
1167 2306 1322 2350 amplius
1355 2315 1427 2336 nou
1455 2308 1616 2347 possent,

146 2350 374 2395 pactionibus
402 2352 714 2387 intercedentibus
740 2365 777 2386 se
798 2354 936 2388 Temiri
964 2353 1196 2386 dediderunt.
1226 2364 1305 2385 cum
1334 2351 1370 2383 in
1396 2355 1616 2395 potestatem

145 2397 304 2431 venisset
331 2398 618 2440 Semarchanda‚
643 2401 860 2446 proditionis
887 2402 1038 2434 consilia
1067 2401 1149 2433 iniit
1179 2411 1258 2432 cum
1287 2400 1329 2431 iis
1359 2399 1419 2442 qui
1447 2403 1550 2430 crant
1578 2397 1616 2430 in

147 2444 352 2488 Babylone,
383 2457 467 2479 usus
505 2447 549 2480 ad
578 2459 655 2480 eam
698 2460 770 2481 rem
814 2450 978 2482 ministro
1004 2448 1194 2480 Cliaidare.
1247 2447 1388 2489 Myrxes
1414 2445 1467 2477 vir
1492 2445 1616 2478 extitit

145 2492 253 2537 aequi
279 2491 586 2537 studiosissimus3
626 2495 960 2542 adhortabaturque
988 2497 1169 2530 'l'einirem
1209 2500 1245 2526 ut
1285 2496 1369 2525 iram
1411 2492 1615 2536 supprime-

147 2544 212 2579 Γθῑ,
239 2550 307 2572 nec
334 2538 380 2572 ad
405 2552 477 2573 rem
511 2543 676 2575 conferre
712 2550 852 2588 pararet
878 2555 970 2589 quae
1010 2545 1086 2588 ipsa
1113 2542 1279 2574 dictaret.
1333 2551 1406 2571 non
1432 2540 1500 2584 ipsi
1526 2550 1615 2572 con-

144 2586 267 2620 venire
294 2588 480 2631 imperium
509 2589 712 2633 Babylonis.
762 2590 847 2624 hinc
874 2592 980 2624 etiam
1003 2591 1184 2623 'l'emirem
1214 2587 1361 2620 edocuit
1387 2587 1612 2629 syssitiorum

146 2634 333 2667 rationem.
383 2646 464 2667 nam
495 2637 697 2670 universum
728 2649 830 2671 suum
857 2640 1050 2671 exercitum
1077 2646 1268 2669 secernens
1297 2634 1460 2666 'I'emires
1486 2634 1524 2667 in
1547 2634 1615 2667 de-

145 2692 266 2714 cumas
296 2687 331 2714 et
361 2683 563 2727 manipulos
585 2690 620 2717 et
640 2685 826 2726 cohortes,
852 2686 1001 2719 iubebat
1018 2685 1247 2718 decurionem
1276 2681 1511 2726 praebentem
1540 2683 1614 2715 suis

146 2728 318 2761 alimenta
340 2731 536 2770 contiuuo,
572 2731 862 2779 quandocunque
890 2745 974 2766 usus
1004 2731 1223 2777 postularet.
1262 2735 1405 2774 praesto
1433 2739 1509 2761 esse
1533 2740 1614 2762 cum

146 2775 218 2809 suis
243 2776 433 2817 militibus,
465 2788 599 2823 eosque
625 2781 890 2825 manipulorum
921 2780 1002 2813 duci
1031 2778 1184 2812 tradere.
1238 2776 1302 2809 bos
1330 2782 1517 2820 praeterea
1547 2788 1612 2810 vo-

230 2849 551 2894 Chalcocondy·las
1324 2850 1346 2882 8
