1774 3204
307 674 780 734 ΛΑΟΝΙΚΟΥ
847 681 1645 742 XAAKOKONAYAOP

684 811 735 856 A
767 811 810 856 Θ
844 812 900 857 Η
928 813 982 859 Ν
1013 815 1064 860 Α
1093 816 1126 861 Ι
1156 815 1199 861 Ο
1231 815 1272 862 Y

331 914 752 962 ΑΠΟΔΕΙΞΙΣ
796 921 1153 965 ΙΣΤΟΡΙΩΝ
1193 926 1244 964 Η
1286 926 1618 966 ΠΕΜΠΤΗ.

283 1084 695 1146 LAONICI
749 1088 1661 1156 CHALCOCONDYLAE

729 1215 1217 1263 ATHENIENSIS

570 1330 609 1375 H
654 1331 672 1375 Ι
716 1331 747 1376 S
788 1331 825 1377 T
869 1332 910 1379 Ο
958 1334 996 1380 R
1042 1334 1060 1379 1
1104 1333 1142 1380 A
1184 1336 1223 1382 R
1266 1336 1303 1382 U
1344 1336 1390 1383 M

421 1453 487 1494 DE
519 1454 722 1495 ORIGINE
752 1456 821 1496 Ac
850 1457 1008 1499 REBUS
1051 1458 1218 1502 GESTIS
1254 1461 1523 1502 TURCORUM

652 1564 872 1599 LIBER
933 1567 1271 1607 QUINTUS.

124 1774 281 1857 1)νὶἑέ
256 1765 390 1821 Ἐπεὶ
431 1783 476 1822 δὲ
505 1782 765 1835 ετελεύτησεν
807 1781 826 1823 ὅ
872 1783 1129 1838 Παιαζήτεω
1159 1788 1387 1840 Μεχμέτης
1429 1787 1685 1838 βασιλεύσας

152 1843 326 1901 Μιηέτη
355 1846 622 1900 δυοκαίδεκα,
660 1848 865 1896 διεδέξατο
890 1848 965 1901 τήν
1002 1852 1218 1900 βασιλείαν
1250 1850 1504 1905 Ἀμουροίτης
1534 1851 1555 1892 ὃ
1587 1854 1683 1892 Με-

250 1912 434 1963 χμέτεω,
465 1917 562 1960 παῖς
591 1913 727 1952 αὐτοῦ
755 1913 1034 1966 ποεσβύτερος
1062 1915 1287 1967 γενόμενος.
1325 1917 1525 1991 ἐτύγῖχανε
1550 1917 1595 1957 δὲ
1629 1914 1686 1958 ὠν

253 1979 298 2016 ἐν
329 1974 509 2031 Προύσῃ
555 1978 659 2016 κατὰ
691 1977 765 2030 τὴν
795 1979 960 2028 Ἀσι’,αν
1001 1978 1072 2020 καί
1113 1982 1288 2034 καθίστη
1317 1978 1365 2020 τά
1405 1978 1448 2020 ἐν
1476 1982 1525 2035 τῇ
1558 1980 1682 2037 ἀρχῇ.

242 2035 429 2093 Ἕλληνες
459 2042 504 2081 δὲ
539 2056 594 2088 ως
629 2043 835 2083 ἐπιθοιτο
867 2042 1165 2095 τελευτήσαντα
1201 2047 1409 2098 Μεχμὲτη
1436 2045 1514 2085 καί
1529 2045 1714 2095 'Apum-5

251 2104 357 2159 ράτη
387 2106 428 2151 ἐς
457 2105 530 2158 τὴν
570 2107 786 2157 βασιλείαν
816 2111 1097 2161 καταστῆναι,
1135 2112 1438 2160 μετεπέμποντο
1475 2108 1556 2149 αἠὁ
1587 2110 1680 2163 Λή-

251 2186 357 2222 μνου
389 2172 659 2224 Μουσταφᾶν
686 2169 756 2211 τόν
783 2173 1035 2225 Παιαζὴτεω
1065 2171 1284 2225 λεγόμενον
1313 2175 1442 2213 παῖδα
1471 2176 1679 2226 γενέσθαι.

251 2232 375 2287 ἔτυχε
405 2236 450 2275 δὲ
474 2235 700 2290 διατρίβων
729 2234 772 2277 ἐν
801 2237 971 2292 Λήμνῳ,
1012 2235 1091 2277 ὑπὸ
1116 2236 1316 2290 Ἑλλήνων
1347 2237 1403 2285 ὥς
1428 2239 1682 2292 μετριώτατα

251 2403 425 2463 Mortuo
454 2429 675 2470 Mechmete,
700 2431 760 2474 qui
796 2430 955 2462 Paiazitis
991 2429 1060 2462 fuit
1083 2430 1196 2470 filius,
1221 2430 1318 2472 regni
1345 2430 1399 2462 sui
1426 2440 1519 2462 anno
1544 2429 1680 2463 duode-

254 2478 359 2516 cimo,
386 2477 523 2521 imperii
560 2475 783 2509 moderamen
822 2475 1028 2508 Mechmetis
1066 2476 1161 2508 filius
1198 2477 1401 2515 Ammates,
1441 2477 1501 2521 qui
1526 2482 1680 2508 caeteros

253 2529 370 2555 aetate
395 2522 573 2562 anteibat,
619 2527 740 2554 nactus
781 2527 844 2554 est.
895 2533 935 2554 ea
960 2527 1169 2566 tempestate
1195 2522 1400 2554 versabatur
1429 2522 1567 2562 Prusae,
1591 2533 1681 2566 quae

252 2569 355 2601 Asiae
383 2568 464 2601 urbs
492 2574 556 2608 est,
579 2579 742 2612 quaeque
767 2567 811 2600 ad
837 2569 933 2610 regni
960 2579 1076 2599 curam
1104 2569 1254 2600 attinere
1281 2569 1354 2600 visa
1381 2574 1461 2600 suut
1485 2569 1681 2600 coustitue-

253 2614 324 2647 bat.
374 2615 498 2648 Graeci
525 2614 730 2647 Mechmetis
750 2619 860 2647 morte
885 2619 920 2646 et
945 2615 1117 2646 Amuratis
1143 2614 1179 2646 in
1207 2624 1348 2657 regnum
1376 2614 1594 2647 successione
1619 2625 1677 2645 ac-

252 2667 354 2705 cepta
391 2672 504 2693 accers
509 2660 615 2693 ebant
648 2672 666 2692 e
695 2661 827 2693 Lemno
855 2659 1098 2704 Mustapham,
1127 2661 1186 2704 qui
1216 2661 1374 2693 Paiazitis
1402 2659 1578 2692 serebatur
1604 2671 1678 2691 esse

252 2707 344 2739 filius
371 2712 406 2739 et
432 2712 502 2739 tum
545 2707 711 2751 temporis
736 2707 773 2739 in
798 2707 927 2739 Lemno
952 2717 990 2738 ⁸0
974 2706 1078 2750 gebat
1109 2706 1275 2739 mediocri
1301 2706 1459 2739 custodia
1492 2718 1511 2739 a
1537 2706 1678 2738 Graecis
