1884 3178
506 202 578 240 DE
620 200 792 240 REBUS
833 197 1088 238 TURClClS
1132 198 1179 237 L.
1209 199 1262 237 11.
1501 195 1587 237 101

135 304 253 345 ἰδεῖν.
311 301 385 342 καί
413 299 495 341 ὑπὸ
530 296 800 354 Ἀμουροὶτεω
827 298 973 350 μέντοι
1006 299 1048 338 ἐν
1078 298 1129 353 τῇ
1163 295 1412 352 ΙΙΙακεὸονίᾳ
1447 292 1471 350 1‘7‘
1501 298 1598 348 περὶ

137 369 310 423 Θέρμην
346 365 420 408 καί
458 368 502 408 ἐν
539 367 590 422 τῇ
622 363 736 417 παρὰ
783 362 922 413 Ἀξιὸν
953 362 1140 415 ποταμὸν
1180 359 1300 420 χώρᾳ
1330 362 1596 419 κατῴκισται,

137 432 360 488 ἀγαγόντος
386 435 495 486 μέγα
522 447 563 474 τι
603 433 764 486 πλῆθος
798 426 995 484 Τούρκων
1032 445 1077 470 τε
1108 430 1150 478 ἐς
1189 432 1332 471 τοῦτον
1359 427 1433 470 τὸν
1457 431 1598 482 χῶρον

137 499 210 540 καί
236 501 560 548 κατοικίσαντος.
629 499 703 539 καί
730 495 776 537 τὸ
817 497 890 549 τῆς
917 497 1117 550 Ζαγορᾶς
1144 497 1269 538 πέδον
1302 492 1413 536 οὕτω
1446 494 1598 536 καλού-

103 577 262 617 5μενον
291 563 376 606 ὑπὸ
407 562 677 617 Ἀμουροὲτεω
708 563 960 620 κατῳκίσθη,
989 561 1106 616 καίἧ
1132 560 1482 609 Φιλιπποπόλεως
1509 559 1594 614 χιό.
1613 565 1704 598 Ρ-53

136 647 204 686 ρα.
262 627 289 685 ἦ
316 632 462 683 μέντοι
504 627 774 684 Χερρόνησος
808 627 834 682 ἦ
868 629 912 669 ἐν
942 629 1002 685 τῷ
1035 626 1322 684 Ἑλλησπόντῳ
1350 626 1422 668 καί
1451 627 1598 681 πρότε-

135 711 214 754 ρον
242 695 323 738 ὑπὸ
355 694 656 748 Σουλαϊμάνεω
687 696 929 752 κατῳκίσθη
949 697 1024 735 τοῦ
1054 696 1255 750 α’ὃελφοῦ.
1317 694 1523 736 Θετταλία
1555 696 1601 735 δὲ

137 762 211 806 καὶ
235 763 261 818 ἦ
291 764 390 816 περὶ
417 761 468 804 τοὶ
497 764 656 804 ,Σκοπῶ
682 760 806 816 χώρα
834 760 907 802 καί
938 758 962 815 ἦ
997 761 1242 815 Τριβαλλῶν
1272 758 1356 802 ἀπὸ
1391 763 1601 802 Φιλιππο-

137 830 297 878 πόλεως
328 827 419 871 ἕστε
463 829 537 871 ἐπί
566 827 639 870 τὸν
669 820 812 881 Ᾱῖμον
849 829 922 869 καί
951 826 1028 881 την
1057 827 1221 882 Σοφίαν
1251 823 1364 868 οὕτω
1391 829 1601 878 καλουμέ-

84 903 127 938 10
139 911 211 951 νην
238 895 406 950 κώμην,
439 892 690 949 Παιαζήτης
719 893 741 935 ὁ
777 892 1049 949 Ἀμουροὶτεω
1082 895 1325 942 κατοικίσας
1354 891 1428 947 τήν
1456 908 1498 934 τε
1528 893 1600 934 Ἰλ-

139 963 295 1016 λυριῶν
320 959 394 1002 καί
416 961 661 1015 Τριβαλλῶν
682 961 871 1014 ἐληίζετο
895 957 1056 1013 χώραν.
1114 958 1355 1001 ἐπιδιδόασι
1377 961 1457 1012 μὲν
1487 953 1599 1000 οὗτοι
1615 967 1653 998 V.
1671 967 1715 998 42

138 1027 178 1070 οἱ
206 1029 343 1082 χῶροι
372 1025 472 1081 πρός
492 1041 538 1080 γε
570 1024 800 1079 πολεμίων,
831 1024 904 1066 καί
932 1023 1110 1081 ὕστερον
1134 1023 1242 1076 μετὰ
1279 1027 1415 1067 ταῦτα
1443 1023 1600 1080 ἑτέρων

137 1096 184 1136 ἐκ
211 1096 288 1135 τοῦ
315 1094 447 1150 ταύτῃ
475 1091 751 1147 ἐπιρρεόντων
781 1092 926 1148 αὐτοῦ,
954 1085 1090 1147 ὧνπερ
1122 1089 1175 1134 ἂν
1195 1091 1479 1133 ἐπυνθάνοντο
1511 1093 1599 1133 ἐπι.

137 1162 310 1215 τηδείως
337 1162 485 1216 σφίσιν
529 1157 642 1214 ἔχειν
668 1157 744 1214 την
775 1159 924 1214 χώραν
964 1157 1069 1215 πρός
1097 1174 1144 1200 τε
1176 1156 1424 1214 ἀνδράποδα
1459 1160 1531 1199 καί
1558 1161 1601 1208 ἐς

84 1225 211 1283 15τὴν
238 1222 368 1281 ἄλλην
399 1226 550 1267 ου’σίαν
586 1223 662 1280 τὴν
693 1222 775 1265 ἀπὸ
805 1226 887 1266 τῶν
917 1226 1146 1279 πολεμίων,
1178 1223 1251 1266 καί
1281 1220 1362 1281 ὅπῃ
1393 1221 1446 1266 ἄν
1472 1223 1601 1277 μα’λι-

138 1308 219 1334 στα
243 1290 303 1347 μὴ
337 1289 554 1348 α’ντικόπτῃ
576 1289 658 1332 ὑπὸ
697 1292 781 1332 τῶν
821 1293 1045 1343 πολεμίων.
1104 1290 1362 1347 Παιαζήτης
1395 1292 1442 1333 δὲ
1473 1290 1529 1340 ὥς
1559 1293 1639 1341 ἐςΒ

138 1356 215 1412 τὴν
254 1356 399 1399 Ἀσίαν
444 1355 598 1410 διαβὰς
648 1355 720 1398 ἐπὶ
750 1356 965 1410 Ἐρτζικάν
1010 1359 1243 1411 πολιορκῶν
1284 1355 1600 1411 παρεστήσατο,

139 1421 299 1478 προϊών
328 1421 573 1477 Μελιτηνὴν
609 1422 687 1477 τὴν
723 1421 795 1464 ἐπὶ
835 1424 892 1479 τῷ
930 1422 1139 1480 Εὕςοράτῃ
1179 1422 1412 1478 ἐπολιόρκει
1441 1439 1486 1466 τε
1531 1427 1605 1466 καί

138 1490 372 1544 προσέβαλε
400 1487 595 1544 μηχανὰς
633 1492 831 1538 παντοίας
860 1490 1082 1543 προσάγων
1121 1493 1176 1547 τῷ
1213 1492 1357 1544 τείχει.
1431 1492 1506 1531 καί
1533 1488 1604 1531 ἐπί

79 1553 289 1609 ποχρόνον
314 1556 394 1608 μὲν
421 1555 588 1608 ἀντεῖχε
608 1590 618 1609 ,
653 1553 761 1608 μετά
795 1557 842 1597 δὲ
879 1556 1011 1597 ταῦτα
1041 1555 1342 1611 προσεχώρησε
1368 1559 1466 1598 καθ’
1498 1556 1600 1609 ὁμο-

137 1622 292 1675 λογίαν.

232 1712 265 1746 1.
291 1712 311 1755 ἦ
335 1714 438 1770 ιπερὶ
474 1714 621 1760 Θέρμην
644 1715 708 1748 καὶ
744 1713 763 1757 ἦ
797 1710 904 1761 παρὰ
940 1715 970 1748 Η
1095 1714 1149 1747 17.
1176 1714 1257 1750 ἐπεὶ
1282 1714 1336 1755 H,
1374 1715 1502 1748 omisso
1533 1726 1597 1747 au-

230 1765 289 1794 tea
318 1772 369 1799 ως

137 1840 247 1874 statui
281 1839 438 1885 aliquam
475 1840 746 1874 innovationem
784 1841 1021 1882 inducerent,
1048 1853 1171 1874 omnes
1199 1841 1492 1886 comprehensos,
1517 1854 1595 1875 cum

135 1889 174 1920 in
205 1898 314 1920 unum
338 1887 601 1927 convenissent,
628 1888 867 1922 obtruncavit.
917 1890 1024 1921 eliam
1061 1888 1171 1921 hodie
1200 1889 1410 1932 Scytharum
1432 1901 1595 1934 maguam

84 1947 90 1954 “
138 1933 275 1979 copiam
302 1933 463 1980 undique
495 1946 558 1978 per
587 1935 761 1980 Europam
796 1938 1007 1969 morantium
1049 1935 1171 1969 videre
1200 1942 1265 1976 est,
1291 1948 1382 1982 quos
1409 1936 1512 1970 sedes
1539 1949 1594 1969 ca-

137 1992 223 2027 pere
249 1981 288 2014 in
311 1980 518 2014 Macedonia
549 1981 726 2014 Thermae
761 1989 796 2016 ct
825 1985 911 2016 Axio
948 1983 1087 2016 flumini
1131 1983 1282 2016 finitima
1308 1984 1495 2018 Amurates
1521 1985 1594 2016 ius-

138 2029 195 2062 sit.
245 2028 307 2074 qui
333 2027 469 2061 Turcos
495 2040 638 2074 quoque
667 2030 840 2075 plurimos
869 2031 905 2062 in
931 2031 1032 2063 istam
1052 2031 1234 2073 regionem
1262 2031 1418 2072 induxit,
1447 2038 1486 2064 ut
1515 2043 1591 2064 eum

137 2075 350 2109 incolerent.
410 2087 552 2120 campus
593 2077 722 2120 Zagore
767 2083 993 2123 nuncupatus
1037 2078 1186 2110 iubente
1221 2079 1391 2111 Amurate
1436 2078 1590 2112 habitari

135 2127 283 2169 coeptus
319 2127 384 2155 est.
444 2124 550 2155 etiam
585 2123 849 2169 Philippopolis
878 2126 975 2168 regio
1001 2125 1043 2157 ab
1070 2126 1238 2159 Amurate
1265 2126 1414 2159 colonos
1440 2128 1590 2171 accepit.

136 2176 174 2204 at
200 2169 440 2202 Chersonesus
476 2170 705 2215 Hellesponti
748 2173 815 2204 iam
856 2179 940 2205 ante
982 2172 1026 2204 ab
1056 2173 1265 2206 Sulaimano
1306 2173 1414 2206 fratre
1444 2173 1590 2207 colonos

134 2217 260 2253 sortita
283 2221 348 2250 est.
399 2215 650 2251 Thessalia.et
668 2218 892 2264 Scopiorum‚
920 2229 987 2251 nec
1011 2231 1084 2252 non
1113 2220 1357 2252 Triballorum
1386 2221 1496 2264 regio,
1522 2233 1591 2267 qua

136 2275 156 2297 a
180 2263 427 2309 philippopoli
465 2275 577 2310 usque
617 2265 655 2298 in
680 2266 855 2299 Haemum
888 2272 924 2299 et
952 2266 1122 2311 Sophiam
1161 2267 1277 2300 isthoc
1303 2269 1448 2300 nomine
1475 2269 1591 2300 vicum

134 2316 246 2356 patet,
274 2310 319 2343 ab
347 2311 524 2344 Amuratis
550 2311 624 2344 filio
650 2313 801 2347 Paiazite
831 2314 979 2347 colonos
1020 2321 1125 2347 nacta
1155 2320 1224 2357 est3
1254 2316 1316 2359 qui
1346 2314 1478 2347 deinde
1503 2316 1591 2358 llly-

136 2359 267 2391 riorum
308 2363 344 2391 et
368 2358 610 2392 Triballorum
650 2361 830 2403 regionem
864 2361 1038 2394 vastabat.
1105 2361 1193 2394 haec
1220 2362 1296 2395 loca
1325 2363 1443 2394 onmia
1470 2362 1593 2395 admo-

135 2403 219 2438 dum
243 2411 444 2450 opportuna
471 2405 570 2438 suere
594 2406 639 2438 ad
662 2406 860 2441 domandos
896 2408 1028 2441 hostes.
1078 2415 1204 2454 postea
1234 2414 1270 2441 et
1296 2409 1354 2440 alii
1383 2410 1526 2453 plurimi
1555 2411 1591 2442 in

134 2451 226 2484 hanc
252 2453 430 2496 regionem
459 2452 719 2495 confluxerunt,
744 2467 821 2487 cum
849 2457 1072 2500 accepissent
1086 2468 1161 2488 eam
1189 2455 1380 2488 admodum
1407 2467 1483 2488 esse
1508 2456 1589 2489 ido-

135 2509 239 2532 neam
267 2498 482 2545 recipiendis
508 2501 697 2546 mancipiis
723 2508 759 2535 et
784 2502 865 2535 aliis
883 2515 975 2547 quae
1003 2503 1099 2536 hosti
1127 2504 1374 2541 extorsissent,
1401 2515 1513 2548 seque
1540 2503 1590 2535 ibi

135 2546 333 2579 tutissimos
360 2546 436 2579 fore
461 2552 559 2580 certo
583 2550 748 2585 scientes.
814 2551 984 2583 Paiazites
1012 2552 1048 2583 in
1078 2551 1193 2583 Asiam
1225 2556 1448 2583 transvectus
1476 2552 1591 2583 Erlzi-

135 2603 212 2626 eam
241 2591 364 2626 urbem
403 2596 647 2639 oppugnavit,
682 2602 719 2630 et
758 2602 999 2642 oppugnatam
1044 2610 1128 2630 suae
1164 2597 1318 2629 dicionis
1357 2597 1450 2630 fecit.
1509 2597 1592 2630 liiuc

135 2651 342 2686 progressus
376 2640 566 2674 Melitinen
607 2643 732 2676 urbem
772 2645 946 2688 Euphrati
979 2646 1183 2690 impositam
1224 2644 1319 2676 omni
1347 2644 1593 2679 machin-‘num

136 2698 265 2731 genere
291 2688 440 2720 arietare
473 2699 656 2732 aggressus
694 2696 768 2724 est:
798 2698 835 2724 at
861 2691 1037 2724 machinis
1074 2691 1339 2736 aliquantulum
1370 2691 1510 2725 fortiter
1535 2704 1592 2724 re-

137 2733 241 2767 stitit.
294 2745 371 2766 cum
394 2740 511 2767 autem
549 2738 820 2781 oppugnatione
848 2739 898 2771 uti
937 2739 1039 2772 nullo
1070 2738 1176 2771 modo
1208 2739 1464 2772 intermitteret
1489 2740 1592 2773 Paia-

136 2781 234 2821 zstes,
261 2780 492 2827 pactionibus
519 2783 553 2815 in
582 2783 687 2817 sideni
715 2791 856 2830 recepta
883 2790 944 2818 est.
