<?xml version="1.0" encoding="UTF-8"?>
<!DOCTYPE html PUBLIC "-//W3C//DTD XHTML 1.0 Transitional//EN"
    "http://www.w3.org/TR/xhtml1/DTD/xhtml1-transitional.dtd">
<html xmlns="http://www.w3.org/1999/xhtml" xml:lang="en" lang="en">
 <head>
  <title>
</title>
<meta http-equiv="Content-Type" content="text/html;charset=utf-8" />
  <meta name='ocr-system' content='tesseract 3.04.00' />
  <meta name='ocr-capabilities' content='ocr_page ocr_carea ocr_par ocr_line ocrx_word'/>
</head>
<body>
  <div class='ocr_page' id='page_1' title='image "./corpusscriptorum32niebuoft_0441.png"; bbox 0 0 1858 3210; ppageno 0'>
   <div class='ocr_carea' id='block_1_1' title="bbox 495 175 1617 233">
    <p class='ocr_par' dir='ltr' id='par_1_1' title="bbox 495 175 1617 233">
     <span class='ocr_line' id='line_1_1' title="bbox 495 175 1617 233; baseline -0.006 -1"><span class='ocrx_word' id='word_1_1' title='bbox 495 193 567 232; x_wconf 71' lang='grc' dir='ltr'>ΒΕ</span> <span class='ocrx_word' id='word_1_2' title='bbox 614 191 788 232; x_wconf 65' lang='lat' dir='ltr'>nanus</span> <span class='ocrx_word' id='word_1_3' title='bbox 827 188 1081 233; x_wconf 73' lang='lat' dir='ltr'>Tuncicis</span> <span class='ocrx_word' id='word_1_4' title='bbox 1120 189 1168 228; x_wconf 91' lang='lat' dir='ltr'>L.</span> <span class='ocrx_word' id='word_1_5' title='bbox 1190 189 1303 228; x_wconf 84' lang='lat' dir='ltr'>vm.</span> <span class='ocrx_word' id='word_1_6' title='bbox 1519 175 1617 225; x_wconf 73' lang='lat'>429</span> 
     </span>
    </p>
   </div>
   <div class='ocr_carea' id='block_1_2' title="bbox 86 282 1755 1738">
    <p class='ocr_par' dir='ltr' id='par_1_2' title="bbox 115 282 1621 681">
     <span class='ocr_line' id='line_1_2' title="bbox 146 282 1616 376; baseline -0.011 -37"><span class='ocrx_word' id='word_1_7' title='bbox 146 291 305 376; x_wconf 60' lang='grc' dir='ltr'><strong><em>ἔνδρας</em></strong></span> <span class='ocrx_word' id='word_1_8' title='bbox 332 293 436 336; x_wconf 79' lang='grc' dir='ltr'><strong><em>κατὰ</em></strong></span> <span class='ocrx_word' id='word_1_9' title='bbox 480 291 557 347; x_wconf 65' lang='grc' dir='ltr'><em>τὴν</em></span> <span class='ocrx_word' id='word_1_10' title='bbox 601 283 778 343; x_wconf 49' lang='grc' dir='ltr'><em>ὁδόν,ῗ</em></span> <span class='ocrx_word' id='word_1_11' title='bbox 752 307 776 346; x_wconf 82' lang='grc' dir='ltr'>ῃ</span> <span class='ocrx_word' id='word_1_12' title='bbox 805 287 980 342; x_wconf 59' lang='grc' dir='ltr'><strong><em>ἐζιιελλον</em></strong></span> <span class='ocrx_word' id='word_1_13' title='bbox 1010 289 1233 339; x_wconf 77' lang='grc' dir='ltr'><strong><em>διεξιέναι,</em></strong></span> <span class='ocrx_word' id='word_1_14' title='bbox 1261 287 1424 330; x_wconf 76' lang='grc' dir='ltr'><strong><em>α’νελεῖν</em></strong></span> <span class='ocrx_word' id='word_1_15' title='bbox 1455 282 1616 331; x_wconf 73' lang='grc' dir='ltr'>αιῖτούς</span> 
     </span>
     <span class='ocr_line' id='line_1_3' title="bbox 147 349 1621 435; baseline -0.011 -30"><span class='ocrx_word' id='word_1_16' title='bbox 147 359 360 413; x_wconf 76' lang='grc' dir='ltr'>ἅπαντας,</span> <span class='ocrx_word' id='word_1_17' title='bbox 401 375 472 400; x_wconf 78' lang='grc' dir='ltr'><strong><em>και</em></strong></span> <span class='ocrx_word' id='word_1_18' title='bbox 504 354 615 400; x_wconf 68' lang='grc' dir='ltr'><em>οὕτω</em></span> <span class='ocrx_word' id='word_1_19' title='bbox 649 357 917 435; x_wconf 79' lang='grc' dir='ltr'><strong><em>τραπομένου</em></strong></span> <span class='ocrx_word' id='word_1_20' title='bbox 959 355 1036 395; x_wconf 82' lang='grc' dir='ltr'><em>τοῦ</em></span> <span class='ocrx_word' id='word_1_21' title='bbox 1067 352 1377 408; x_wconf 68' lang='grc' dir='ltr'><em>αὐτοκράτορος</em></span> <span class='ocrx_word' id='word_1_22' title='bbox 1399 349 1621 403; x_wconf 75' lang='grc' dir='ltr'>Ῥωμαίων</span> 
     </span>
     <span class='ocr_line' id='line_1_4' title="bbox 147 414 1621 482; baseline -0.009 -11"><span class='ocrx_word' id='word_1_23' title='bbox 147 431 191 478; x_wconf 83' lang='grc' dir='ltr'>ές</span> <span class='ocrx_word' id='word_1_24' title='bbox 218 425 298 482; x_wconf 77' lang='grc' dir='ltr'><em>τήν</em></span> <span class='ocrx_word' id='word_1_25' title='bbox 322 442 407 468; x_wconf 89' lang='grc' dir='ltr'><em>των</em></span> <span class='ocrx_word' id='word_1_26' title='bbox 433 425 652 479; x_wconf 83' lang='grc' dir='ltr'><em>πρέσβεων</em></span> <span class='ocrx_word' id='word_1_27' title='bbox 680 421 858 476; x_wconf 77' lang='grc' dir='ltr'><strong><em>ἔρευναν</em></strong></span> <span class='ocrx_word' id='word_1_28' title='bbox 897 414 1026 466; x_wconf 85' lang='grc' dir='ltr'><strong><em>αυθις</em></strong></span> <span class='ocrx_word' id='word_1_29' title='bbox 1053 419 1096 467; x_wconf 83' lang='grc' dir='ltr'>ἐς</span> <span class='ocrx_word' id='word_1_30' title='bbox 1122 419 1302 472; x_wconf 85' lang='grc' dir='ltr'><em>πόλεμον</em></span> <span class='ocrx_word' id='word_1_31' title='bbox 1328 414 1621 462; x_wconf 79' lang='grc' dir='ltr'><em>καταστάντας</em></span> 
     </span>
     <span class='ocr_line' id='line_1_5' title="bbox 149 477 1617 552; baseline -0.01 -16"><span class='ocrx_word' id='word_1_32' title='bbox 149 497 298 552; x_wconf 79' lang='grc' dir='ltr'><strong><em>φέρειν</em></strong></span> <span class='ocrx_word' id='word_1_33' title='bbox 325 487 544 546; x_wconf 70' lang='grc' dir='ltr'><em>ἀλλήλους.</em></span> <span class='ocrx_word' id='word_1_34' title='bbox 602 490 743 531; x_wconf 77' lang='grc' dir='ltr'><strong><em>ταῦτα</em></strong></span> <span class='ocrx_word' id='word_1_35' title='bbox 773 488 852 540; x_wconf 86' lang='grc' dir='ltr'>μὲν</span> <span class='ocrx_word' id='word_1_36' title='bbox 889 484 938 540; x_wconf 76' lang='grc' dir='ltr'><em>δὴ</em></span> <span class='ocrx_word' id='word_1_37' title='bbox 973 480 1084 526; x_wconf 86' lang='grc' dir='ltr'><em>ου’τω</em></span> <span class='ocrx_word' id='word_1_38' title='bbox 1113 487 1312 539; x_wconf 73' lang='grc' dir='ltr'><strong><em>γενέσθαι</em></strong></span> <span class='ocrx_word' id='word_1_39' title='bbox 1340 486 1505 537; x_wconf 77' lang='grc' dir='ltr'><strong><em>λέγεται</em></strong></span> <span class='ocrx_word' id='word_1_40' title='bbox 1535 477 1617 522; x_wconf 72' lang='lat' dir='ltr'>anti</span> 
     </span>
     <span class='ocr_line' id='line_1_6' title="bbox 115 548 1620 608; baseline -0.011 -4"><span class='ocrx_word' id='word_1_41' title='bbox 115 563 235 604; x_wconf 72' lang='grc' dir='ltr'><em>ὅτων</em></span> <span class='ocrx_word' id='word_1_42' title='bbox 283 557 489 602; x_wconf 85' lang='grc' dir='ltr'><strong><em>Παιόνων</em></strong></span> <span class='ocrx_word' id='word_1_43' title='bbox 528 558 572 606; x_wconf 87' lang='grc' dir='ltr'>ές</span> <span class='ocrx_word' id='word_1_44' title='bbox 618 553 718 604; x_wconf 80' lang='grc' dir='ltr'>τούς</span> <span class='ocrx_word' id='word_1_45' title='bbox 759 550 1005 608; x_wconf 82' lang='grc' dir='ltr'><strong><em>Γερμανούς</em></strong></span> <span class='ocrx_word' id='word_1_46' title='bbox 1045 567 1090 595; x_wconf 82' lang='grc' dir='ltr'>τε</span> <span class='ocrx_word' id='word_1_47' title='bbox 1140 549 1215 594; x_wconf 72' lang='grc' dir='ltr'><strong><em>καὶ</em></strong></span> <span class='ocrx_word' id='word_1_48' title='bbox 1264 550 1399 594; x_wconf 65' lang='grc' dir='ltr'><em>αὐτὸν</em></span> <span class='ocrx_word' id='word_1_49' title='bbox 1439 548 1620 602; x_wconf 80' lang='grc' dir='ltr'><strong><em>βασιλέα</em></strong></span> 
     </span>
     <span class='ocr_line' id='line_1_7' title="bbox 137 621 388 681; baseline -0.009 -12.902"><span class='ocrx_word' id='word_1_50' title='bbox 137 621 388 681; x_wconf 70' lang='grc' dir='ltr'><em>Ἄλβερτον.</em></span> 
     </span>
    </p>

    <p class='ocr_par' dir='ltr' id='par_1_3' title="bbox 144 679 1621 879">
     <span class='ocr_line' id='line_1_8' title="bbox 264 679 1621 743; baseline -0.009 -10"><span class='ocrx_word' id='word_1_51' title='bbox 264 692 414 734; x_wconf 83' lang='grc' dir='ltr'><strong><em>Ταῦτα</em></strong></span> <span class='ocrx_word' id='word_1_52' title='bbox 442 692 521 743; x_wconf 85' lang='grc' dir='ltr'>μὲν</span> <span class='ocrx_word' id='word_1_53' title='bbox 548 689 593 731; x_wconf 83' lang='grc' dir='ltr'>ἐν</span> <span class='ocrx_word' id='word_1_54' title='bbox 620 686 730 730; x_wconf 80' lang='grc' dir='ltr'><em>ἔτεσι</em></span> <span class='ocrx_word' id='word_1_55' title='bbox 762 685 873 728; x_wconf 78' lang='grc' dir='ltr'><em>πάνυ</em></span> <span class='ocrx_word' id='word_1_56' title='bbox 903 682 1058 740; x_wconf 68' lang='grc' dir='ltr'>ὀλίγοις</span> <span class='ocrx_word' id='word_1_57' title='bbox 1086 684 1263 739; x_wconf 79' lang='grc' dir='ltr'><em>ἐγένετο.</em></span> <span class='ocrx_word' id='word_1_58' title='bbox 1322 681 1397 725; x_wconf 80' lang='grc' dir='ltr'>διὰ</span> <span class='ocrx_word' id='word_1_59' title='bbox 1426 679 1474 736; x_wconf 63' lang='grc' dir='ltr'>δ’)</span> <span class='ocrx_word' id='word_1_60' title='bbox 1510 679 1621 723; x_wconf 82' lang='grc' dir='ltr'><strong><em>ταύ-</em></strong></span> 
     </span>
     <span class='ocr_line' id='line_1_9' title="bbox 144 747 1620 814; baseline -0.008 -13"><span class='ocrx_word' id='word_1_61' title='bbox 144 774 219 814; x_wconf 80' lang='grc' dir='ltr'><em>την</em></span> <span class='ocrx_word' id='word_1_62' title='bbox 254 757 330 812; x_wconf 73' lang='grc' dir='ltr'><em>τήν</em></span> <span class='ocrx_word' id='word_1_63' title='bbox 370 753 584 812; x_wconf 80' lang='grc' dir='ltr'><strong><em>διαφορὰν</em></strong></span> <span class='ocrx_word' id='word_1_64' title='bbox 621 756 820 809; x_wconf 79' lang='grc' dir='ltr'><strong><em>γενέσθαι</em></strong></span> <span class='ocrx_word' id='word_1_65' title='bbox 857 754 933 808; x_wconf 76' lang='grc' dir='ltr'><em>τὴν</em></span> <span class='ocrx_word' id='word_1_66' title='bbox 981 753 1026 794; x_wconf 85' lang='grc' dir='ltr'>ἐν</span> <span class='ocrx_word' id='word_1_67' title='bbox 1054 747 1239 807; x_wconf 81' lang='grc' dir='ltr'><strong><em>Μαντύῃ</em></strong></span> <span class='ocrx_word' id='word_1_68' title='bbox 1284 751 1362 792; x_wconf 84' lang='grc' dir='ltr'><em>τοῦ</em></span> <span class='ocrx_word' id='word_1_69' title='bbox 1398 748 1620 802; x_wconf 73' lang='grc' dir='ltr'>Ῥωμαίων</span> 
     </span>
     <span class='ocr_line' id='line_1_10' title="bbox 147 813 1662 879; baseline -0.007 -12"><span class='ocrx_word' id='word_1_70' title='bbox 147 825 382 879; x_wconf 82' lang='grc' dir='ltr'><strong><em>α’ρχιερέως</em></strong></span> <span class='ocrx_word' id='word_1_71' title='bbox 409 822 579 864; x_wconf 76' lang='grc' dir='ltr'><strong><em>δίαιταν</em></strong></span> <span class='ocrx_word' id='word_1_72' title='bbox 607 817 998 875; x_wconf 76' lang='grc' dir='ltr'><strong><em>προσκαλεσάμενον</em></strong></span> <span class='ocrx_word' id='word_1_73' title='bbox 1027 819 1109 860; x_wconf 76' lang='grc' dir='ltr'><em>τῶν</em></span> <span class='ocrx_word' id='word_1_74' title='bbox 1129 832 1176 860; x_wconf 79' lang='grc' dir='ltr'>τε</span> <span class='ocrx_word' id='word_1_75' title='bbox 1202 813 1372 873; x_wconf 71' lang='grc' dir='ltr'><em>Ἰβήρων</em></span> <span class='ocrx_word' id='word_1_76' title='bbox 1400 832 1471 858; x_wconf 86' lang='grc' dir='ltr'><strong><em>και</em></strong></span> <span class='ocrx_word' id='word_1_77' title='bbox 1500 817 1662 858; x_wconf 62' lang='lat' dir='ltr'>Issa-D</span> 
     </span>
    </p>

    <p class='ocr_par' dir='ltr' id='par_1_4' title="bbox 86 883 1755 1738">
     <span class='ocr_line' id='line_1_11' title="bbox 90 883 1622 968; baseline -0.005 -35"><span class='ocrx_word' id='word_1_78' title='bbox 90 899 135 934; x_wconf 85' lang='lat'>10</span> <span class='ocrx_word' id='word_1_79' title='bbox 149 893 233 933; x_wconf 74' lang='grc' dir='ltr'><em>τῶν</em></span> <span class='ocrx_word' id='word_1_80' title='bbox 260 892 472 968; x_wconf 81' lang='grc' dir='ltr'><strong><em>βασιλέων</em></strong></span> <span class='ocrx_word' id='word_1_81' title='bbox 499 887 572 930; x_wconf 77' lang='grc' dir='ltr'><strong><em>καί</em></strong></span> <span class='ocrx_word' id='word_1_82' title='bbox 600 885 816 942; x_wconf 74' lang='grc' dir='ltr'><em>ἡγεμόνων</em></span> <span class='ocrx_word' id='word_1_83' title='bbox 844 901 915 928; x_wconf 82' lang='grc' dir='ltr'><strong><em>και</em></strong></span> <span class='ocrx_word' id='word_1_84' title='bbox 938 887 980 928; x_wconf 96' lang='grc' dir='ltr'><em>Γ</em></span> <span class='ocrx_word' id='word_1_85' title='bbox 978 900 1175 939; x_wconf 85' lang='grc' dir='ltr'><strong><em>ερμανων</em></strong></span> <span class='ocrx_word' id='word_1_86' title='bbox 1203 900 1275 927; x_wconf 80' lang='grc' dir='ltr'><strong><em>και</em></strong></span> <span class='ocrx_word' id='word_1_87' title='bbox 1307 883 1515 927; x_wconf 82' lang='grc' dir='ltr'><strong><em>Παιόνων</em></strong></span> <span class='ocrx_word' id='word_1_88' title='bbox 1549 885 1622 925; x_wconf 72' lang='grc' dir='ltr'><strong><em>καί</em></strong></span> 
     </span>
     <span class='ocr_line' id='line_1_12' title="bbox 144 949 1620 1010; baseline -0.005 -11"><span class='ocrx_word' id='word_1_89' title='bbox 144 960 230 1000; x_wconf 77' lang='grc' dir='ltr'><em>τῶν</em></span> <span class='ocrx_word' id='word_1_90' title='bbox 252 955 359 998; x_wconf 75' lang='grc' dir='ltr'><strong><em>κατὰ</em></strong></span> <span class='ocrx_word' id='word_1_91' title='bbox 388 956 464 1010; x_wconf 78' lang='grc' dir='ltr'><em>τὴν</em></span> <span class='ocrx_word' id='word_1_92' title='bbox 491 954 666 997; x_wconf 77' lang='grc' dir='ltr'><strong><em>Ἰταλίαν</em></strong></span> <span class='ocrx_word' id='word_1_93' title='bbox 692 953 927 1008; x_wconf 75' lang='grc' dir='ltr'><em>ἡγεμονιῶν</em></span> <span class='ocrx_word' id='word_1_94' title='bbox 958 949 1032 993; x_wconf 79' lang='grc' dir='ltr'><strong><em>καί</em></strong></span> <span class='ocrx_word' id='word_1_95' title='bbox 1057 951 1290 994; x_wconf 76' lang='grc' dir='ltr'><em>πολιτειῶν.</em></span> <span class='ocrx_word' id='word_1_96' title='bbox 1349 951 1423 992; x_wconf 84' lang='grc' dir='ltr'><em>καί</em></span> <span class='ocrx_word' id='word_1_97' title='bbox 1453 950 1620 999; x_wconf 77' lang='grc' dir='ltr'><em>ἐπεξελ-</em></span> 
     </span>
     <span class='ocr_line' id='line_1_13' title="bbox 150 1011 1621 1078; baseline -0.005 -12"><span class='ocrx_word' id='word_1_98' title='bbox 150 1023 243 1066; x_wconf 77' lang='grc' dir='ltr'>θών</span> <span class='ocrx_word' id='word_1_99' title='bbox 271 1023 354 1065; x_wconf 85' lang='grc' dir='ltr'><strong><em>α’πὸ</em></strong></span> <span class='ocrx_word' id='word_1_100' title='bbox 389 1025 464 1078; x_wconf 80' lang='grc' dir='ltr'>τῆς</span> <span class='ocrx_word' id='word_1_101' title='bbox 486 1020 655 1076; x_wconf 75' lang='grc' dir='ltr'><em>Ῥώμης</em></span> <span class='ocrx_word' id='word_1_102' title='bbox 699 1019 742 1069; x_wconf 76' lang='grc' dir='ltr'>ἐς</span> <span class='ocrx_word' id='word_1_103' title='bbox 770 1017 983 1075; x_wconf 83' lang='grc' dir='ltr'><strong><em>Μαντυην</em></strong></span> <span class='ocrx_word' id='word_1_104' title='bbox 1022 1018 1096 1074; x_wconf 73' lang='grc' dir='ltr'><em>τὴν</em></span> <span class='ocrx_word' id='word_1_105' title='bbox 1131 1017 1310 1061; x_wconf 75' lang='grc' dir='ltr'><em>σύνοδον</em></span> <span class='ocrx_word' id='word_1_106' title='bbox 1355 1018 1564 1071; x_wconf 80' lang='grc' dir='ltr'><em>ἐποιεῖτο,</em></span> <span class='ocrx_word' id='word_1_107' title='bbox 1594 1011 1621 1074; x_wconf 80' lang='grc' dir='ltr'><strong><em>ᾗ</em></strong></span> 
     </span>
     <span class='ocr_line' id='line_1_14' title="bbox 146 1080 1619 1146; baseline -0.005 -14"><span class='ocrx_word' id='word_1_108' title='bbox 146 1089 198 1146; x_wconf 79' lang='grc' dir='ltr'><em>δὴ</em></span> <span class='ocrx_word' id='word_1_109' title='bbox 233 1090 506 1143; x_wconf 74' lang='grc' dir='ltr'><em>συνελέγοντο</em></span> <span class='ocrx_word' id='word_1_110' title='bbox 551 1102 739 1135; x_wconf 87' lang='grc' dir='ltr'><em>απαντες</em></span> <span class='ocrx_word' id='word_1_111' title='bbox 780 1101 819 1128; x_wconf 91' lang='grc' dir='ltr'>οι</span> <span class='ocrx_word' id='word_1_112' title='bbox 852 1087 937 1127; x_wconf 79' lang='grc' dir='ltr'><em>τῶν</em></span> <span class='ocrx_word' id='word_1_113' title='bbox 973 1080 1180 1140; x_wconf 75' lang='grc' dir='ltr'><em>εσπερίων</em></span> <span class='ocrx_word' id='word_1_114' title='bbox 1225 1085 1439 1138; x_wconf 80' lang='grc' dir='ltr'><strong><em>βασιλέων</em></strong></span> <span class='ocrx_word' id='word_1_115' title='bbox 1463 1099 1505 1126; x_wconf 88' lang='grc' dir='ltr'>τε</span> <span class='ocrx_word' id='word_1_116' title='bbox 1549 1100 1619 1125; x_wconf 86' lang='grc' dir='ltr'><strong><em>και</em></strong></span> 
     </span>
     <span class='ocr_line' id='line_1_15' title="bbox 145 1151 1619 1212; baseline -0.004 -14"><span class='ocrx_word' id='word_1_117' title='bbox 145 1153 360 1212; x_wconf 76' lang='grc' dir='ltr'><em>ἡγεμόνων</em></span> <span class='ocrx_word' id='word_1_118' title='bbox 389 1156 617 1209; x_wconf 85' lang='grc' dir='ltr'><strong><em>πρέσβεις.</em></strong></span> <span class='ocrx_word' id='word_1_119' title='bbox 663 1155 870 1206; x_wconf 74' lang='grc' dir='ltr'>προέθετο</span> <span class='ocrx_word' id='word_1_120' title='bbox 910 1167 1006 1207; x_wconf 90' lang='grc' dir='ltr'><em>περι</em></span> <span class='ocrx_word' id='word_1_121' title='bbox 1035 1154 1109 1206; x_wconf 80' lang='grc' dir='ltr'>τῆς</span> <span class='ocrx_word' id='word_1_122' title='bbox 1140 1151 1379 1206; x_wconf 84' lang='grc' dir='ltr'><em>Μεχμὲτεω</em></span> <span class='ocrx_word' id='word_1_123' title='bbox 1409 1153 1619 1204; x_wconf 83' lang='grc' dir='ltr'><strong><em>βασιλέως</em></strong></span> 
     </span>
     <span class='ocr_line' id='line_1_16' title="bbox 90 1217 1616 1277; baseline -0.006 -9"><span class='ocrx_word' id='word_1_124' title='bbox 90 1234 135 1269; x_wconf 84' lang='grc'>15</span> <span class='ocrx_word' id='word_1_125' title='bbox 153 1224 348 1277; x_wconf 74' lang='grc' dir='ltr'><strong><em>Τούρκων</em></strong></span> <span class='ocrx_word' id='word_1_126' title='bbox 376 1224 683 1276; x_wconf 76' lang='grc' dir='ltr'><strong><em>καθαιρέσεως,</em></strong></span> <span class='ocrx_word' id='word_1_127' title='bbox 713 1218 785 1262; x_wconf 80' lang='grc' dir='ltr'><strong><em>καί</em></strong></span> <span class='ocrx_word' id='word_1_128' title='bbox 815 1220 979 1261; x_wconf 81' lang='grc' dir='ltr'><em>ἐκέλευε</em></span> <span class='ocrx_word' id='word_1_129' title='bbox 995 1217 1163 1274; x_wconf 79' lang='grc' dir='ltr'><em>γνώμην</em></span> <span class='ocrx_word' id='word_1_130' title='bbox 1189 1218 1512 1274; x_wconf 74' lang='grc' dir='ltr'><strong><em>ἀποφαίνεσθαι</em></strong></span> <span class='ocrx_word' id='word_1_131' title='bbox 1541 1218 1616 1260; x_wconf 75' lang='grc' dir='ltr'><strong><em>ἕνα</em></strong></span> 
     </span>
     <span class='ocr_line' id='line_1_17' title="bbox 146 1284 1755 1342; baseline -0.006 -10"><span class='ocrx_word' id='word_1_132' title='bbox 146 1289 322 1332; x_wconf 73' lang='grc' dir='ltr'><em>ἕκαστον</em></span> <span class='ocrx_word' id='word_1_133' title='bbox 359 1291 442 1331; x_wconf 77' lang='grc' dir='ltr'><em>τῶν</em></span> <span class='ocrx_word' id='word_1_134' title='bbox 476 1289 698 1342; x_wconf 84' lang='grc' dir='ltr'>παρόντων</span> <span class='ocrx_word' id='word_1_135' title='bbox 728 1286 946 1340; x_wconf 85' lang='grc' dir='ltr'><em>πρέσβεων</em></span> <span class='ocrx_word' id='word_1_136' title='bbox 977 1284 1085 1340; x_wconf 75' lang='grc' dir='ltr'><strong><em>ὖπὲρ</em></strong></span> <span class='ocrx_word' id='word_1_137' title='bbox 1131 1286 1214 1326; x_wconf 70' lang='grc' dir='ltr'><em>ταῖν</em></span> <span class='ocrx_word' id='word_1_138' title='bbox 1242 1286 1462 1340; x_wconf 83' lang='grc' dir='ltr'>σφετέρων</span> <span class='ocrx_word' id='word_1_139' title='bbox 1488 1286 1614 1336; x_wconf 79' lang='grc' dir='ltr'><strong><em>βασι·</em></strong></span> <span class='ocrx_word' id='word_1_140' title='bbox 1628 1294 1755 1329; x_wconf 84' lang='lat' dir='ltr'><strong>v.178</strong></span> 
     </span>
     <span class='ocr_line' id='line_1_18' title="bbox 145 1347 1616 1408; baseline -0.004 -11"><span class='ocrx_word' id='word_1_141' title='bbox 145 1358 253 1398; x_wconf 83' lang='grc' dir='ltr'>λέων</span> <span class='ocrx_word' id='word_1_142' title='bbox 278 1370 323 1397; x_wconf 87' lang='grc' dir='ltr'>τε</span> <span class='ocrx_word' id='word_1_143' title='bbox 350 1357 424 1397; x_wconf 84' lang='grc' dir='ltr'><strong><em>καί</em></strong></span> <span class='ocrx_word' id='word_1_144' title='bbox 461 1352 691 1408; x_wconf 80' lang='grc' dir='ltr'><em>ἡγεμόνων.</em></span> <span class='ocrx_word' id='word_1_145' title='bbox 758 1354 832 1394; x_wconf 83' lang='grc' dir='ltr'><em>καί</em></span> <span class='ocrx_word' id='word_1_146' title='bbox 869 1352 1103 1405; x_wconf 76' lang='grc' dir='ltr'><em>ὑπέσχοντο</em></span> <span class='ocrx_word' id='word_1_147' title='bbox 1141 1349 1193 1405; x_wconf 71' lang='grc' dir='ltr'>δὴ</span> <span class='ocrx_word' id='word_1_148' title='bbox 1239 1351 1430 1392; x_wconf 78' lang='grc' dir='ltr'><strong><em>ἐνταῦθα</em></strong></span> <span class='ocrx_word' id='word_1_149' title='bbox 1472 1347 1510 1392; x_wconf 84' lang='grc' dir='ltr'>οἱ</span> <span class='ocrx_word' id='word_1_150' title='bbox 1536 1352 1616 1403; x_wconf 83' lang='grc' dir='ltr'>μὲν</span> 
     </span>
     <span class='ocr_line' id='line_1_19' title="bbox 145 1414 1615 1477; baseline -0.004 -13"><span class='ocrx_word' id='word_1_151' title='bbox 145 1423 290 1464; x_wconf 75' lang='grc' dir='ltr'><strong><em>αὐτῶν</em></strong></span> <span class='ocrx_word' id='word_1_152' title='bbox 315 1420 519 1477; x_wconf 76' lang='grc' dir='ltr'><strong><em>χρήματα</em></strong></span> <span class='ocrx_word' id='word_1_153' title='bbox 550 1418 588 1462; x_wconf 77' lang='grc' dir='ltr'>οἱ</span> <span class='ocrx_word' id='word_1_154' title='bbox 620 1421 667 1461; x_wconf 84' lang='grc' dir='ltr'>δὲ</span> <span class='ocrx_word' id='word_1_155' title='bbox 691 1418 765 1461; x_wconf 81' lang='grc' dir='ltr'><strong><em>καὶ</em></strong></span> <span class='ocrx_word' id='word_1_156' title='bbox 793 1414 956 1473; x_wconf 75' lang='grc' dir='ltr'><strong><em>ἄνδρας</em></strong></span> <span class='ocrx_word' id='word_1_157' title='bbox 983 1419 1286 1471; x_wconf 79' lang='grc' dir='ltr'><strong><em>συμβαλέσθαι</em></strong></span> <span class='ocrx_word' id='word_1_158' title='bbox 1317 1418 1359 1466; x_wconf 83' lang='grc' dir='ltr'>ές</span> <span class='ocrx_word' id='word_1_159' title='bbox 1387 1415 1460 1459; x_wconf 87' lang='grc' dir='ltr'><em>τὸν</em></span> <span class='ocrx_word' id='word_1_160' title='bbox 1489 1417 1615 1458; x_wconf 86' lang='grc' dir='ltr'><em>πόλε-</em></span> 
     </span>
     <span class='ocr_line' id='line_1_20' title="bbox 145 1481 1745 1542; baseline -0.004 -13"><span class='ocrx_word' id='word_1_161' title='bbox 145 1503 228 1540; x_wconf 85' lang='grc' dir='ltr'>μον</span> <span class='ocrx_word' id='word_1_162' title='bbox 254 1485 392 1530; x_wconf 84' lang='grc' dir='ltr'><em>τόνδε.</em></span> <span class='ocrx_word' id='word_1_163' title='bbox 423 1485 554 1529; x_wconf 62' lang='grc' dir='ltr'><strong><em>’ἔνθα</em></strong></span> <span class='ocrx_word' id='word_1_164' title='bbox 596 1485 647 1542; x_wconf 76' lang='grc' dir='ltr'><em>δὴ</em></span> <span class='ocrx_word' id='word_1_165' title='bbox 696 1484 770 1541; x_wconf 80' lang='grc' dir='ltr'><em>τὴν</em></span> <span class='ocrx_word' id='word_1_166' title='bbox 812 1483 989 1540; x_wconf 73' lang='grc' dir='ltr'><em>δεκάτην</em></span> <span class='ocrx_word' id='word_1_167' title='bbox 1034 1485 1120 1526; x_wconf 81' lang='grc' dir='ltr'><em>τῶν</em></span> <span class='ocrx_word' id='word_1_168' title='bbox 1160 1481 1378 1539; x_wconf 81' lang='grc' dir='ltr'><em>προσόδων</em></span> <span class='ocrx_word' id='word_1_169' title='bbox 1420 1483 1745 1525; x_wconf 72' lang='grc' dir='ltr'><em>ἐδέδοκτοΡ.228</em></span> 
     </span>
     <span class='ocr_line' id='line_1_21' title="bbox 86 1545 1616 1610; baseline -0.003 -16"><span class='ocrx_word' id='word_1_170' title='bbox 86 1564 134 1601; x_wconf 81' lang='lat'>20</span> <span class='ocrx_word' id='word_1_171' title='bbox 147 1554 263 1610; x_wconf 79' lang='grc' dir='ltr'><strong><em>κοινῇ</em></strong></span> <span class='ocrx_word' id='word_1_172' title='bbox 295 1551 514 1604; x_wconf 78' lang='grc' dir='ltr'>ἐξελέσθαι</span> <span class='ocrx_word' id='word_1_173' title='bbox 542 1551 714 1598; x_wconf 75' lang='grc' dir='ltr'><em>πάντων</em></span> <span class='ocrx_word' id='word_1_174' title='bbox 743 1554 826 1594; x_wconf 75' lang='grc' dir='ltr'><em>τῶν</em></span> <span class='ocrx_word' id='word_1_175' title='bbox 848 1553 909 1601; x_wconf 84' lang='grc' dir='ltr'>εἰς</span> <span class='ocrx_word' id='word_1_176' title='bbox 935 1552 1009 1605; x_wconf 75' lang='grc' dir='ltr'><em>τήν</em></span> <span class='ocrx_word' id='word_1_177' title='bbox 1037 1548 1248 1605; x_wconf 78' lang='grc' dir='ltr'><strong><em>ἱερατείαν</em></strong></span> <span class='ocrx_word' id='word_1_178' title='bbox 1270 1545 1512 1602; x_wconf 79' lang='grc' dir='ltr'><em>τελούντων,</em></span> <span class='ocrx_word' id='word_1_179' title='bbox 1540 1548 1616 1591; x_wconf 73' lang='grc' dir='ltr'><strong><em>καὶ</em></strong></span> 
     </span>
     <span class='ocr_line' id='line_1_22' title="bbox 144 1614 1612 1675; baseline -0.003 -13"><span class='ocrx_word' id='word_1_180' title='bbox 144 1617 252 1662; x_wconf 72' lang='grc' dir='ltr'><em>ἅττα</em></span> <span class='ocrx_word' id='word_1_181' title='bbox 284 1621 322 1662; x_wconf 82' lang='grc' dir='ltr'>δ’</span> <span class='ocrx_word' id='word_1_182' title='bbox 349 1618 401 1661; x_wconf 72' lang='grc' dir='ltr'>ἂν</span> <span class='ocrx_word' id='word_1_183' title='bbox 429 1622 511 1662; x_wconf 79' lang='grc' dir='ltr'><em>τῶν</em></span> <span class='ocrx_word' id='word_1_184' title='bbox 540 1618 774 1674; x_wconf 80' lang='grc' dir='ltr'><em>χρημάτων</em></span> <span class='ocrx_word' id='word_1_185' title='bbox 801 1618 1114 1675; x_wconf 74' lang='grc' dir='ltr'>συναθροισθῇ,</span> <span class='ocrx_word' id='word_1_186' title='bbox 1142 1618 1186 1667; x_wconf 80' lang='grc' dir='ltr'>ἐς</span> <span class='ocrx_word' id='word_1_187' title='bbox 1206 1616 1276 1659; x_wconf 84' lang='grc' dir='ltr'><em>τὸν</em></span> <span class='ocrx_word' id='word_1_188' title='bbox 1305 1614 1487 1670; x_wconf 86' lang='grc' dir='ltr'><em>πόλεμον</em></span> <span class='ocrx_word' id='word_1_189' title='bbox 1512 1619 1612 1658; x_wconf 78' lang='grc' dir='ltr'><em>τοῦ·</em></span> 
     </span>
     <span class='ocr_line' id='line_1_23' title="bbox 142 1678 1609 1738; baseline -0.002 -9"><span class='ocrx_word' id='word_1_190' title='bbox 142 1703 212 1729; x_wconf 87' lang='grc' dir='ltr'><em>τον</em></span> <span class='ocrx_word' id='word_1_191' title='bbox 240 1683 581 1738; x_wconf 81' lang='grc' dir='ltr'><em>α’ποτοῖττεσθαι,</em></span> <span class='ocrx_word' id='word_1_192' title='bbox 616 1687 688 1727; x_wconf 83' lang='grc' dir='ltr'><strong><em>καί</em></strong></span> <span class='ocrx_word' id='word_1_193' title='bbox 716 1680 824 1727; x_wconf 71' lang='grc' dir='ltr'><em>οὕτω</em></span> <span class='ocrx_word' id='word_1_194' title='bbox 853 1678 1012 1738; x_wconf 69' lang='grc' dir='ltr'><strong><em>ἄνδρας</em></strong></span> <span class='ocrx_word' id='word_1_195' title='bbox 1039 1686 1082 1733; x_wconf 80' lang='grc' dir='ltr'>ἐς</span> <span class='ocrx_word' id='word_1_196' title='bbox 1109 1683 1160 1726; x_wconf 80' lang='grc' dir='ltr'><em>τοὶ</em></span> <span class='ocrx_word' id='word_1_197' title='bbox 1191 1685 1369 1726; x_wconf 85' lang='grc' dir='ltr'><strong><em>τοιαῦτα</em></strong></span> <span class='ocrx_word' id='word_1_198' title='bbox 1398 1682 1609 1734; x_wconf 78' lang='grc' dir='ltr'><em>ἐτάξαντο.</em></span> 
     </span>
    </p>
   </div>
   <div class='ocr_carea' id='block_1_3' title="bbox 235 1801 1609 1886">
    <p class='ocr_par' dir='ltr' id='par_1_5' title="bbox 235 1801 1609 1886">
     <span class='ocr_line' id='line_1_24' title="bbox 235 1801 1609 1886; baseline 0 -51"><span class='ocrx_word' id='word_1_199' title='bbox 235 1802 269 1836; x_wconf 94' lang='lat'>4.</span> <span class='ocrx_word' id='word_1_200' title='bbox 295 1802 403 1886; x_wconf 57' lang='grc' dir='ltr'><strong><em>ἄγῑξιν</em></strong></span> <span class='ocrx_word' id='word_1_201' title='bbox 427 1805 490 1838; x_wconf 78' lang='grc' dir='ltr'><strong><em>καὶ</em></strong></span> <span class='ocrx_word' id='word_1_202' title='bbox 515 1802 671 1850; x_wconf 56' lang='grc' dir='ltr'>φέρειν.μ</span> <span class='ocrx_word' id='word_1_203' title='bbox 789 1801 823 1836; x_wconf 86' lang='grc'>9.</span> <span class='ocrx_word' id='word_1_204' title='bbox 848 1805 1024 1849; x_wconf 78' lang='grc' dir='ltr'>πρέσβεις</span> <span class='ocrx_word' id='word_1_205' title='bbox 1046 1801 1432 1851; x_wconf 66' lang='grc' dir='ltr'><strong><em>προσκαλεσαμένουὲ</em></strong></span> <span class='ocrx_word' id='word_1_206' title='bbox 1555 1802 1609 1836; x_wconf 82' lang='grc'>16.</span> 
     </span>
     <span class='ocr_line' id='line_1_25' title="bbox 237 1850 312 1886; baseline 0.013 -1"><span class='ocrx_word' id='word_1_207' title='bbox 237 1850 312 1886; x_wconf 81' lang='grc' dir='ltr'>ὑπο</span> 
     </span>
    </p>
   </div>
   <div class='ocr_carea' id='block_1_4' title="bbox 141 1940 1612 2336">
    <p class='ocr_par' dir='ltr' id='par_1_6' title="bbox 141 1940 1612 2336">
     <span class='ocr_line' id='line_1_26' title="bbox 143 1940 1610 2005; baseline 0 -12"><span class='ocrx_word' id='word_1_208' title='bbox 143 1940 353 1993; x_wconf 80' lang='lat' dir='ltr'>decrevisse.</span> <span class='ocrx_word' id='word_1_209' title='bbox 403 1969 525 1992; x_wconf 85' lang='lat' dir='ltr'>verum</span> <span class='ocrx_word' id='word_1_210' title='bbox 560 1964 645 1992; x_wconf 84' lang='lat' dir='ltr'>sunt</span> <span class='ocrx_word' id='word_1_211' title='bbox 675 1958 739 2004; x_wconf 89' lang='lat' dir='ltr'>qui</span> <span class='ocrx_word' id='word_1_212' title='bbox 782 1958 927 1991; x_wconf 84' lang='lat' dir='ltr'>tradant</span> <span class='ocrx_word' id='word_1_213' title='bbox 963 1958 1151 1991; x_wconf 74' lang='lat' dir='ltr'>pannones</span> <span class='ocrx_word' id='word_1_214' title='bbox 1186 1957 1343 2002; x_wconf 81' lang='lat' dir='ltr'>benigne</span> <span class='ocrx_word' id='word_1_215' title='bbox 1380 1959 1610 2005; x_wconf 84' lang='lat' dir='ltr'>respondisse</span> 
     </span>
     <span class='ocr_line' id='line_1_27' title="bbox 142 2004 1609 2051; baseline 0 -11"><span class='ocrx_word' id='word_1_216' title='bbox 142 2007 284 2051; x_wconf 84' lang='lat' dir='ltr'>legatis.</span> <span class='ocrx_word' id='word_1_217' title='bbox 333 2012 514 2040; x_wconf 82' lang='lat' dir='ltr'>caeterum</span> <span class='ocrx_word' id='word_1_218' title='bbox 542 2005 670 2050; x_wconf 85' lang='lat' dir='ltr'>legatis</span> <span class='ocrx_word' id='word_1_219' title='bbox 702 2005 963 2050; x_wconf 84' lang='lat' dir='ltr'>revertentibus</span> <span class='ocrx_word' id='word_1_220' title='bbox 994 2004 1039 2037; x_wconf 87' lang='lat' dir='ltr'>ad</span> <span class='ocrx_word' id='word_1_221' title='bbox 1066 2016 1197 2048; x_wconf 86' lang='lat' dir='ltr'>regem,</span> <span class='ocrx_word' id='word_1_222' title='bbox 1221 2016 1241 2037; x_wconf 87' lang='lat' dir='ltr'>a</span> <span class='ocrx_word' id='word_1_223' title='bbox 1270 2017 1342 2050; x_wconf 87' lang='lat' dir='ltr'>quo</span> <span class='ocrx_word' id='word_1_224' title='bbox 1369 2006 1468 2039; x_wconf 86' lang='lat' dir='ltr'>missi</span> <span class='ocrx_word' id='word_1_225' title='bbox 1495 2013 1609 2046; x_wconf 81' lang='lat' dir='ltr'>erant,</span> 
     </span>
     <span class='ocr_line' id='line_1_28' title="bbox 143 2052 1611 2099; baseline 0 -12"><span class='ocrx_word' id='word_1_226' title='bbox 143 2054 388 2088; x_wconf 78' lang='lat' dir='ltr'>subornarunt</span> <span class='ocrx_word' id='word_1_227' title='bbox 417 2054 514 2087; x_wconf 83' lang='lat' dir='ltr'>viros</span> <span class='ocrx_word' id='word_1_228' title='bbox 540 2054 602 2099; x_wconf 87' lang='lat' dir='ltr'>qui</span> <span class='ocrx_word' id='word_1_229' title='bbox 638 2064 700 2086; x_wconf 89' lang='lat' dir='ltr'>eos</span> <span class='ocrx_word' id='word_1_230' title='bbox 730 2053 768 2086; x_wconf 90' lang='lat' dir='ltr'>in</span> <span class='ocrx_word' id='word_1_231' title='bbox 792 2054 848 2086; x_wconf 81' lang='lat' dir='ltr'>via</span> <span class='ocrx_word' id='word_1_232' title='bbox 875 2063 945 2097; x_wconf 85' lang='lat' dir='ltr'>qua</span> <span class='ocrx_word' id='word_1_233' title='bbox 971 2052 1124 2098; x_wconf 81' lang='lat' dir='ltr'>profecti</span> <span class='ocrx_word' id='word_1_234' title='bbox 1153 2057 1276 2091; x_wconf 85' lang='lat' dir='ltr'>erant,</span> <span class='ocrx_word' id='word_1_235' title='bbox 1303 2064 1346 2086; x_wconf 82' lang='lat' dir='ltr'>ex</span> <span class='ocrx_word' id='word_1_236' title='bbox 1382 2053 1523 2087; x_wconf 83' lang='lat' dir='ltr'>insidiis</span> <span class='ocrx_word' id='word_1_237' title='bbox 1544 2054 1611 2087; x_wconf 86' lang='lat' dir='ltr'>ad·</span> 
     </span>
     <span class='ocr_line' id='line_1_29' title="bbox 144 2099 1611 2146; baseline 0 -12"><span class='ocrx_word' id='word_1_238' title='bbox 144 2101 325 2135; x_wconf 77' lang='lat' dir='ltr'>orirentur</span> <span class='ocrx_word' id='word_1_239' title='bbox 349 2106 387 2135; x_wconf 89' lang='lat' dir='ltr'>et</span> <span class='ocrx_word' id='word_1_240' title='bbox 410 2106 593 2134; x_wconf 82' lang='lat' dir='ltr'>necarent.</span> <span class='ocrx_word' id='word_1_241' title='bbox 645 2100 745 2146; x_wconf 88' lang='lat' dir='ltr'>quod</span> <span class='ocrx_word' id='word_1_242' title='bbox 771 2099 917 2145; x_wconf 83' lang='lat' dir='ltr'>quidem</span> <span class='ocrx_word' id='word_1_243' title='bbox 941 2099 1104 2143; x_wconf 83' lang='lat' dir='ltr'>contigit.</span> <span class='ocrx_word' id='word_1_244' title='bbox 1154 2100 1350 2144; x_wconf 88' lang='lat' dir='ltr'>imperator</span> <span class='ocrx_word' id='word_1_245' title='bbox 1374 2112 1454 2134; x_wconf 87' lang='lat' dir='ltr'>cum</span> <span class='ocrx_word' id='word_1_246' title='bbox 1479 2100 1526 2134; x_wconf 87' lang='lat' dir='ltr'>ad</span> <span class='ocrx_word' id='word_1_247' title='bbox 1552 2102 1611 2134; x_wconf 85' lang='lat' dir='ltr'>in-</span> 
     </span>
     <span class='ocr_line' id='line_1_30' title="bbox 143 2147 1612 2204; baseline 0.001 -23"><span class='ocrx_word' id='word_1_248' title='bbox 143 2148 376 2204; x_wconf 78' lang='lat' dir='ltr'>quisitionem</span> <span class='ocrx_word' id='word_1_249' title='bbox 412 2149 609 2192; x_wconf 80' lang='lat' dir='ltr'>legatorum</span> <span class='ocrx_word' id='word_1_250' title='bbox 650 2152 934 2187; x_wconf 87' lang='lat' dir='ltr'>converteretur,</span> <span class='ocrx_word' id='word_1_251' title='bbox 962 2147 1081 2180; x_wconf 83' lang='lat' dir='ltr'>effecit</span> <span class='ocrx_word' id='word_1_252' title='bbox 1111 2151 1152 2179; x_wconf 82' lang='lat' dir='ltr'>ut</span> <span class='ocrx_word' id='word_1_253' title='bbox 1180 2147 1312 2180; x_wconf 88' lang='lat' dir='ltr'>iterum</span> <span class='ocrx_word' id='word_1_254' title='bbox 1348 2147 1488 2182; x_wconf 88' lang='lat' dir='ltr'>bellum</span> <span class='ocrx_word' id='word_1_255' title='bbox 1517 2149 1612 2182; x_wconf 90' lang='lat' dir='ltr'>inter</span> 
     </span>
     <span class='ocr_line' id='line_1_31' title="bbox 142 2194 1612 2242; baseline 0 -13"><span class='ocrx_word' id='word_1_256' title='bbox 142 2196 239 2241; x_wconf 87' lang='lat' dir='ltr'>ipsos</span> <span class='ocrx_word' id='word_1_257' title='bbox 266 2196 469 2229; x_wconf 81' lang='lat' dir='ltr'>exoriretur</span> <span class='ocrx_word' id='word_1_258' title='bbox 494 2200 531 2228; x_wconf 87' lang='lat' dir='ltr'>et</span> <span class='ocrx_word' id='word_1_259' title='bbox 556 2195 711 2239; x_wconf 82' lang='lat' dir='ltr'>graviter</span> <span class='ocrx_word' id='word_1_260' title='bbox 735 2206 773 2228; x_wconf 89' lang='lat' dir='ltr'>se</span> <span class='ocrx_word' id='word_1_261' title='bbox 808 2200 933 2228; x_wconf 89' lang='lat' dir='ltr'>mutuo</span> <span class='ocrx_word' id='word_1_262' title='bbox 973 2194 1182 2238; x_wconf 84' lang='lat' dir='ltr'>affligerent.</span> <span class='ocrx_word' id='word_1_263' title='bbox 1232 2200 1269 2228; x_wconf 89' lang='lat' dir='ltr'>at</span> <span class='ocrx_word' id='word_1_264' title='bbox 1297 2195 1386 2228; x_wconf 83' lang='lat' dir='ltr'>haec</span> <span class='ocrx_word' id='word_1_265' title='bbox 1415 2194 1562 2242; x_wconf 88' lang='lat' dir='ltr'>quidem</span> <span class='ocrx_word' id='word_1_266' title='bbox 1589 2205 1612 2229; x_wconf 82' lang='lat' dir='ltr'>a</span> 
     </span>
     <span class='ocr_line' id='line_1_32' title="bbox 142 2218 1611 2286; baseline 0.001 -10"><span class='ocrx_word' id='word_1_267' title='bbox 142 2241 375 2276; x_wconf 82' lang='lat' dir='ltr'>Pannonibus</span> <span class='ocrx_word' id='word_1_268' title='bbox 412 2247 537 2276; x_wconf 88' lang='lat' dir='ltr'>contra</span> <span class='ocrx_word' id='word_1_269' title='bbox 559 2243 759 2276; x_wconf 81' lang='lat' dir='ltr'>Germanos</span> <span class='ocrx_word' id='word_1_270' title='bbox 801 2247 838 2275; x_wconf 88' lang='lat' dir='ltr'>et</span> <span class='ocrx_word' id='word_1_271' title='bbox 866 2218 1066 2275; x_wconf 61' lang='lat' dir='ltr'>Athen-tuuf</span> <span class='ocrx_word' id='word_1_272' title='bbox 1089 2242 1351 2286; x_wconf 76' lang='lat' dir='ltr'>imperatorem</span> <span class='ocrx_word' id='word_1_273' title='bbox 1390 2241 1485 2276; x_wconf 82' lang='lat' dir='ltr'>facta</span> <span class='ocrx_word' id='word_1_274' title='bbox 1533 2254 1611 2277; x_wconf 82' lang='lat' dir='ltr'>esse</span> 
     </span>
     <span class='ocr_line' id='line_1_33' title="bbox 141 2288 1532 2336; baseline 0.001 -13"><span class='ocrx_word' id='word_1_275' title='bbox 141 2289 354 2333; x_wconf 86' lang='lat' dir='ltr'>traduntur,</span> <span class='ocrx_word' id='word_1_276' title='bbox 390 2300 486 2336; x_wconf 86' lang='lat' dir='ltr'>quae</span> <span class='ocrx_word' id='word_1_277' title='bbox 518 2290 681 2335; x_wconf 87' lang='lat' dir='ltr'>profecto</span> <span class='ocrx_word' id='word_1_278' title='bbox 717 2289 842 2335; x_wconf 83' lang='lat' dir='ltr'>paucis</span> <span class='ocrx_word' id='word_1_279' title='bbox 867 2290 971 2323; x_wconf 87' lang='lat' dir='ltr'>annis</span> <span class='ocrx_word' id='word_1_280' title='bbox 996 2288 1307 2322; x_wconf 73' lang='lat' dir='ltr'>intercedentibus</span> <span class='ocrx_word' id='word_1_281' title='bbox 1337 2291 1532 2335; x_wconf 85' lang='lat' dir='ltr'>contigere.</span> 
     </span>
    </p>
   </div>
   <div class='ocr_carea' id='block_1_5' title="bbox 140 2348 1608 2822">
    <p class='ocr_par' dir='ltr' id='par_1_7' title="bbox 140 2348 1608 2822">
     <span class='ocr_line' id='line_1_34' title="bbox 237 2348 1608 2393; baseline 0.001 -12"><span class='ocrx_word' id='word_1_282' title='bbox 237 2349 382 2393; x_wconf 83' lang='lat' dir='ltr'>Propter</span> <span class='ocrx_word' id='word_1_283' title='bbox 417 2349 519 2383; x_wconf 82' lang='lat' dir='ltr'>istam</span> <span class='ocrx_word' id='word_1_284' title='bbox 555 2348 770 2381; x_wconf 77' lang='lat' dir='ltr'>discordiam</span> <span class='ocrx_word' id='word_1_285' title='bbox 809 2348 932 2381; x_wconf 83' lang='lat' dir='ltr'>ferunt</span> <span class='ocrx_word' id='word_1_286' title='bbox 965 2349 1165 2380; x_wconf 85' lang='lat' dir='ltr'>Romanum</span> <span class='ocrx_word' id='word_1_287' title='bbox 1199 2348 1410 2392; x_wconf 85' lang='lat' dir='ltr'>pontificem</span> <span class='ocrx_word' id='word_1_288' title='bbox 1448 2349 1549 2382; x_wconf 84' lang='lat' dir='ltr'>Pium</span> <span class='ocrx_word' id='word_1_289' title='bbox 1574 2349 1608 2383; x_wconf 93' lang='lat'>11</span> 
     </span>
     <span class='ocr_line' id='line_1_35' title="bbox 144 2395 1607 2441; baseline 0.001 -13"><span class='ocrx_word' id='word_1_290' title='bbox 144 2395 316 2428; x_wconf 77' lang='lat' dir='ltr'>Mantuae</span> <span class='ocrx_word' id='word_1_291' title='bbox 341 2395 468 2439; x_wconf 85' lang='lat' dir='ltr'>egisse,</span> <span class='ocrx_word' id='word_1_292' title='bbox 491 2401 679 2429; x_wconf 86' lang='lat' dir='ltr'>vocantem</span> <span class='ocrx_word' id='word_1_293' title='bbox 695 2395 880 2428; x_wconf 81' lang='lat' dir='ltr'>lberorum</span> <span class='ocrx_word' id='word_1_294' title='bbox 905 2401 942 2428; x_wconf 86' lang='lat' dir='ltr'>et</span> <span class='ocrx_word' id='word_1_295' title='bbox 957 2395 1145 2428; x_wconf 83' lang='lat' dir='ltr'>Gallorum</span> <span class='ocrx_word' id='word_1_296' title='bbox 1172 2406 1271 2438; x_wconf 83' lang='lat' dir='ltr'>reges</span> <span class='ocrx_word' id='word_1_297' title='bbox 1298 2401 1335 2428; x_wconf 86' lang='lat' dir='ltr'>et</span> <span class='ocrx_word' id='word_1_298' title='bbox 1360 2395 1467 2430; x_wconf 86' lang='lat' dir='ltr'>duces</span> <span class='ocrx_word' id='word_1_299' title='bbox 1492 2397 1607 2441; x_wconf 80' lang='lat' dir='ltr'>magi-</span> 
     </span>
     <span class='ocr_line' id='line_1_36' title="bbox 142 2442 1603 2488; baseline 0.001 -13"><span class='ocrx_word' id='word_1_300' title='bbox 142 2447 350 2487; x_wconf 75' lang='lat' dir='ltr'>stratusque</span> <span class='ocrx_word' id='word_1_301' title='bbox 391 2454 456 2487; x_wconf 85' lang='lat' dir='ltr'>per</span> <span class='ocrx_word' id='word_1_302' title='bbox 493 2442 659 2483; x_wconf 86' lang='lat' dir='ltr'>ltaliam,</span> <span class='ocrx_word' id='word_1_303' title='bbox 682 2447 869 2488; x_wconf 84' lang='lat' dir='ltr'>praeterea</span> <span class='ocrx_word' id='word_1_304' title='bbox 895 2442 1004 2475; x_wconf 87' lang='lat' dir='ltr'>duces</span> <span class='ocrx_word' id='word_1_305' title='bbox 1031 2443 1292 2476; x_wconf 85' lang='lat' dir='ltr'>Germanorum</span> <span class='ocrx_word' id='word_1_306' title='bbox 1319 2448 1356 2475; x_wconf 88' lang='lat' dir='ltr'>et</span> <span class='ocrx_word' id='word_1_307' title='bbox 1383 2443 1603 2477; x_wconf 84' lang='lat' dir='ltr'>Pannonum.</span> 
     </span>
     <span class='ocr_line' id='line_1_37' title="bbox 141 2488 1606 2535; baseline 0.002 -13"><span class='ocrx_word' id='word_1_308' title='bbox 141 2499 303 2534; x_wconf 79' lang='lat' dir='ltr'>egressus</span> <span class='ocrx_word' id='word_1_309' title='bbox 327 2490 438 2522; x_wconf 83' lang='lat' dir='ltr'>Roma</span> <span class='ocrx_word' id='word_1_310' title='bbox 464 2490 674 2530; x_wconf 82' lang='lat' dir='ltr'>Mantuam,</span> <span class='ocrx_word' id='word_1_311' title='bbox 699 2501 772 2535; x_wconf 90' lang='lat' dir='ltr'>quo</span> <span class='ocrx_word' id='word_1_312' title='bbox 799 2490 994 2523; x_wconf 88' lang='lat' dir='ltr'>concilium</span> <span class='ocrx_word' id='word_1_313' title='bbox 1019 2489 1222 2529; x_wconf 72' lang='lat' dir='ltr'>indixerat,</span> <span class='ocrx_word' id='word_1_314' title='bbox 1248 2488 1285 2521; x_wconf 85' lang='lat' dir='ltr'>id</span> <span class='ocrx_word' id='word_1_315' title='bbox 1311 2489 1447 2523; x_wconf 87' lang='lat' dir='ltr'>ibidem</span> <span class='ocrx_word' id='word_1_316' title='bbox 1471 2502 1606 2525; x_wconf 88' lang='lat' dir='ltr'>conce-</span> 
     </span>
     <span class='ocr_line' id='line_1_38' title="bbox 141 2535 1608 2583; baseline 0.002 -14"><span class='ocrx_word' id='word_1_317' title='bbox 141 2537 319 2570; x_wconf 80' lang='lat' dir='ltr'>lebrabat.</span> <span class='ocrx_word' id='word_1_318' title='bbox 346 2535 415 2569; x_wconf 84' lang='lat' dir='ltr'>hue</span> <span class='ocrx_word' id='word_1_319' title='bbox 439 2537 706 2570; x_wconf 85' lang='lat' dir='ltr'>conveniebant</span> <span class='ocrx_word' id='word_1_320' title='bbox 726 2537 1015 2570; x_wconf 86' lang='lat' dir='ltr'>Occidentalium</span> <span class='ocrx_word' id='word_1_321' title='bbox 1044 2546 1166 2579; x_wconf 87' lang='lat' dir='ltr'>regum</span> <span class='ocrx_word' id='word_1_322' title='bbox 1192 2542 1229 2569; x_wconf 83' lang='lat' dir='ltr'>et</span> <span class='ocrx_word' id='word_1_323' title='bbox 1253 2537 1457 2583; x_wconf 87' lang='lat' dir='ltr'>principum</span> <span class='ocrx_word' id='word_1_324' title='bbox 1484 2538 1608 2582; x_wconf 81' lang='lat' dir='ltr'>legati,</span> 
     </span>
     <span class='ocr_line' id='line_1_39' title="bbox 140 2582 1607 2629; baseline 0.002 -12"><span class='ocrx_word' id='word_1_325' title='bbox 140 2589 180 2617; x_wconf 86' lang='lat' dir='ltr'>et</span> <span class='ocrx_word' id='word_1_326' title='bbox 205 2583 477 2617; x_wconf 78' lang='lat' dir='ltr'>consultabatur</span> <span class='ocrx_word' id='word_1_327' title='bbox 503 2583 685 2629; x_wconf 86' lang='lat' dir='ltr'>quomodo</span> <span class='ocrx_word' id='word_1_328' title='bbox 714 2585 914 2618; x_wconf 88' lang='lat' dir='ltr'>Turcorum</span> <span class='ocrx_word' id='word_1_329' title='bbox 953 2595 1014 2616; x_wconf 79' lang='lat' dir='ltr'>rex</span> <span class='ocrx_word' id='word_1_330' title='bbox 1049 2582 1270 2617; x_wconf 79' lang='lat' dir='ltr'>Mechmetes</span> <span class='ocrx_word' id='word_1_331' title='bbox 1297 2584 1394 2618; x_wconf 82' lang='lat' dir='ltr'>foret</span> <span class='ocrx_word' id='word_1_332' title='bbox 1415 2585 1607 2620; x_wconf 86' lang='lat' dir='ltr'>debellan-</span> 
     </span>
     <span class='ocr_line' id='line_1_40' title="bbox 140 2630 1605 2677; baseline 0.002 -13"><span class='ocrx_word' id='word_1_333' title='bbox 140 2630 219 2664; x_wconf 83' lang='lat' dir='ltr'>dus.</span> <span class='ocrx_word' id='word_1_334' title='bbox 267 2631 426 2675; x_wconf 78' lang='lat' dir='ltr'>singulos</span> <span class='ocrx_word' id='word_1_335' title='bbox 453 2631 592 2675; x_wconf 83' lang='lat' dir='ltr'>legatos</span> <span class='ocrx_word' id='word_1_336' title='bbox 619 2643 737 2675; x_wconf 76' lang='lat' dir='ltr'>regum</span> <span class='ocrx_word' id='word_1_337' title='bbox 764 2637 801 2665; x_wconf 88' lang='lat' dir='ltr'>et</span> <span class='ocrx_word' id='word_1_338' title='bbox 824 2632 1051 2677; x_wconf 86' lang='lat' dir='ltr'>principum,</span> <span class='ocrx_word' id='word_1_339' title='bbox 1079 2642 1231 2676; x_wconf 87' lang='lat' dir='ltr'>quorum</span> <span class='ocrx_word' id='word_1_340' title='bbox 1257 2632 1472 2666; x_wconf 80' lang='lat' dir='ltr'>auctoritate</span> <span class='ocrx_word' id='word_1_341' title='bbox 1506 2634 1605 2667; x_wconf 77' lang='lat' dir='ltr'>missi</span> 
     </span>
     <span class='ocr_line' id='line_1_41' title="bbox 141 2677 1606 2724; baseline 0.001 -12"><span class='ocrx_word' id='word_1_342' title='bbox 141 2683 255 2719; x_wconf 81' lang='lat' dir='ltr'>erant,</span> <span class='ocrx_word' id='word_1_343' title='bbox 282 2678 499 2712; x_wconf 87' lang='lat' dir='ltr'>sententiam</span> <span class='ocrx_word' id='word_1_344' title='bbox 526 2689 734 2724; x_wconf 83' lang='lat' dir='ltr'>expromere</span> <span class='ocrx_word' id='word_1_345' title='bbox 760 2678 922 2712; x_wconf 86' lang='lat' dir='ltr'>iubebat.</span> <span class='ocrx_word' id='word_1_346' title='bbox 972 2677 1119 2723; x_wconf 83' lang='lat' dir='ltr'>quidam</span> <span class='ocrx_word' id='word_1_347' title='bbox 1137 2678 1337 2722; x_wconf 81' lang='lat' dir='ltr'>pecuniam,</span> <span class='ocrx_word' id='word_1_348' title='bbox 1363 2679 1510 2724; x_wconf 88' lang='lat' dir='ltr'>quidam</span> <span class='ocrx_word' id='word_1_349' title='bbox 1538 2683 1606 2714; x_wconf 87' lang='lat' dir='ltr'>mi-</span> 
     </span>
     <span class='ocr_line' id='line_1_42' title="bbox 141 2725 1604 2770; baseline 0.002 -12"><span class='ocrx_word' id='word_1_350' title='bbox 141 2726 224 2759; x_wconf 85' lang='lat' dir='ltr'>lites</span> <span class='ocrx_word' id='word_1_351' title='bbox 249 2736 286 2758; x_wconf 90' lang='lat' dir='ltr'>se</span> <span class='ocrx_word' id='word_1_352' title='bbox 316 2726 352 2759; x_wconf 84' lang='lat' dir='ltr'>in</span> <span class='ocrx_word' id='word_1_353' title='bbox 377 2736 455 2758; x_wconf 71' lang='lat' dir='ltr'>eam</span> <span class='ocrx_word' id='word_1_354' title='bbox 472 2726 740 2770; x_wconf 84' lang='lat' dir='ltr'>expeditionem</span> <span class='ocrx_word' id='word_1_355' title='bbox 765 2726 963 2759; x_wconf 85' lang='lat' dir='ltr'>collaturos</span> <span class='ocrx_word' id='word_1_356' title='bbox 994 2725 1273 2769; x_wconf 84' lang='lat' dir='ltr'>pollicebantur.</span> <span class='ocrx_word' id='word_1_357' title='bbox 1322 2726 1516 2760; x_wconf 84' lang='lat' dir='ltr'>Decretum</span> <span class='ocrx_word' id='word_1_358' title='bbox 1549 2734 1604 2762; x_wconf 85' lang='lat' dir='ltr'>est</span> 
     </span>
     <span class='ocr_line' id='line_1_43' title="bbox 142 2772 1603 2822; baseline 0.002 -16"><span class='ocrx_word' id='word_1_359' title='bbox 142 2779 182 2806; x_wconf 89' lang='lat' dir='ltr'>nt</span> <span class='ocrx_word' id='word_1_360' title='bbox 219 2772 380 2806; x_wconf 83' lang='lat' dir='ltr'>decimae</span> <span class='ocrx_word' id='word_1_361' title='bbox 423 2772 602 2807; x_wconf 85' lang='lat' dir='ltr'>redituum</span> <span class='ocrx_word' id='word_1_362' title='bbox 635 2773 819 2813; x_wconf 85' lang='lat' dir='ltr'>omnium,</span> <span class='ocrx_word' id='word_1_363' title='bbox 861 2778 897 2807; x_wconf 88' lang='lat' dir='ltr'>et</span> <span class='ocrx_word' id='word_1_364' title='bbox 929 2772 1226 2818; x_wconf 77' lang='lat' dir='ltr'>quinquagesima</span> <span class='ocrx_word' id='word_1_365' title='bbox 1250 2784 1332 2819; x_wconf 86' lang='lat' dir='ltr'>pars</span> <span class='ocrx_word' id='word_1_366' title='bbox 1358 2785 1484 2808; x_wconf 85' lang='lat' dir='ltr'>eorum</span> <span class='ocrx_word' id='word_1_367' title='bbox 1509 2787 1603 2822; x_wconf 77' lang='lat' dir='ltr'>quas</span> 
     </span>
    </p>
   </div>
  </div>
 </body>
</html>
