1858 3210
488 169 561 209 DE
595 168 770 210 REBUS
806 165 1061 208 TURCICIS
1099 166 1147 208 L.
1175 169 1248 209 lx.
1488 160 1614 214 ,505-

138 268 284 311 τοῦτον
311 266 490 323 στρατὸν
528 269 726 321 γενέσθαι
763 268 895 323 φασί,
937 266 1132 321 δεύτερον
1162 268 1267 321 μετά
1295 281 1341 321 γε
1379 263 1456 319 τῆν
1484 265 1528 313 ἐς
1555 260 1603 306 τὸ
1621 269 1664 303 V.
1685 270 1752 304 109

138 332 372 384 Βυζάντιον
416 335 614 375 ἐπέλασιν
654 335 732 374 τοῦ
762 336 975 386 ’βασιλέως
1005 335 1142 375 τοῦδε.
1202 336 1366 387 λέγεται
1411 333 1457 373 δὲ
1484 333 1609 372 τοῦτο

137 397 184 441 τὸ
217 398 502 454 στρατόπεδον
527 399 751 441 κάλλιστον
776 401 854 451 μὲν
873 401 1071 452 γενέσθαι
1103 401 1186 440 τῶν
1215 393 1354 439 ἄλλων
1380 396 1610 450 στρατοπέ-

141 468 239 520 δων,
265 467 340 507 καί
366 465 522 518 κόσμον
557 466 691 506 πολύν
729 467 996 518 παρέχεσθαι
1043 463 1134 506 ἔστε
1163 465 1228 506 τὰ
1257 462 1366 507 ὅπλα
1390 466 1514 520 σφίσι
1541 460 1614 504 καί

104 533 184 582 ὖές
214 531 291 586 τὴν
319 531 494 586 σκευήν,
529 532 727 585 γενέσθαι
769 532 815 573 δὲ
845 527 962 586 οἷμφί
1004 530 1080 579 τὰς
1109 532 1231 573 πέντε
1262 533 1334 572 καί
1366 528 1497 572 εἴκοσι
1524 544 1613 581 μυ-

137 596 294 652 ριάδας
325 599 523 650 στρατοῦ.
581 599 656 638 καί
683 599 810 638 τοῦτο
840 598 1084 650 λογίζεσθαι
1115 595 1269 652 ῥᾳδίως
1299 595 1380 636 α’πό
1423 597 1507 636 τῶν
1534 595 1613 635 τοῦ

137 662 274 718 πόρου
303 665 380 705 τοῦ
403 660 571 717 Ἴστρου
598 661 864 716 ἐμποριστῶν
885 697 896 718 ,
919 657 979 705 ὧν
1007 665 1338 717 ε”ξωνησαμένων
1366 661 1449 703 α’πὸ
1482 664 1612 714 βασι-

83 728 86 731 “
137 730 243 779 λὲως
273 727 348 771 τὸν
377 727 574 783 πορθμὸν
604 728 647 778 ἐς
675 726 894 783 τριάκοντα
923 727 1140 784 μυριάδας
1166 726 1350 783 χρυσίου
1381 727 1609 781 στατῆρας,

136 798 298 851 λέγεται
325 795 524 850 χρήματα
551 792 717 850 μεγάλα
749 796 963 848 κερδᾶναι.
991 793 1096 838 κατὰ
1119 794 1198 851 τήν
1230 791 1442 850 ἦπειρονὸ
1475 810 1609 847 στρα-

34 858 38 869 ⁵
80 867 124 902 10
136 859 206 910 τὸς
236 858 480 918 ὅρμώμενος
509 861 591 902 ἀπὸ
613 859 975 914 Φιλιπποπόλεως,
1006 859 1110 904 κατὰ
1127 862 1173 903 δὲ
1203 863 1418 902 θάλατταν
1437 860 1652 915 πληρώ-Ι)

28 916 31 922 ”
134 943 215 976 σας
247 926 434 982 τριήρεις
464 925 684 983 ἀμφίτας
704 924 838 968 εἴκοσι
867 927 941 969 καί
969 931 1091 970 πέντε
1120 929 1191 970 καί
1217 932 1343 970 πλοῖα
1372 928 1433 978 εἰς
1460 925 1609 970 ἑκατὸν

135 996 210 1036 καί
235 995 506 1050 πεντήκοντα,
535 993 760 1047 ἐπορεύετο
792 993 899 1035 εὕθύ
928 997 1006 1037 τοῦ
1023 992 1193 1048 Ἴστρου
1214 993 1270 1044 αἶς
1300 994 1607 1050 διαβησόμενος

135 1058 206 1101 διὰ
238 1065 314 1113 τῆς
341 1059 516 1115 Βιδίνης
556 1060 732 1108 πόλεως.
777 1057 942 1101 ἐκέλευε
976 1062 1022 1102 δὲ
1064 1063 1206 1102 πλέειν
1237 1063 1370 1103 ταῦτα
1399 1060 1450 1102 τὰ
1482 1066 1606 1103 πλοῖα

135 1123 208 1168 διὰ
238 1127 315 1168 τοῦ
343 1125 544 1175 Εὐξείνου
575 1125 728 1167 πόντου
762 1125 834 1167 ἐπὶ
870 1125 943 1168 τὸν
972 1122 1152 1180 Ἴστρον.
1208 1129 1280 1169 καί
1308 1125 1329 1168 ὅ
1358 1127 1518 1180 στόλος,
1549 1127 1607 1177 ὥς

79 1202 122 1236 15
136 1194 363 1235 ἐνετέλλετο
408 1191 634 1245 βασιλεύς,
681 1192 752 1234 διὰ
797 1196 874 1233 τοῦ
911 1194 1084 1235 Πόντου
1133 1196 1304 1237 ἐπέπλει
1347 1196 1392 1243 ἐς
1435 1193 1479 1236 τὸ
1526 1196 1605 1235 τοῦ

122 1254 293 1315 Ἴστρου
324 1260 472 1314 στόμα,
499 1258 573 1301 καί
599 1259 656 1308 ὥς
694 1257 738 1308 ἐς
767 1259 814 1300 τὸ
844 1259 981 1313 στόμα
1014 1259 1193 1315 ἐγένετο,
1226 1261 1402 1316 α’νήγετο
1433 1260 1505 1302 ἐπὶ
1528 1262 1606 1303 τοῦ

133 1328 326 1380 ποταμοῦ
352 1327 424 1368 ἐπὶ
449 1324 525 1381 τήν
552 1327 744 1381 Βιδίνην.
801 1328 877 1368 καί
892 1342 962 1368 ποι
984 1329 1057 1369 καί
1085 1323 1293 1381 ἀπόβασιν
1322 1327 1604 1382 ποιησάμενος

131 1391 153 1434 ὅ
181 1393 329 1441 στόλος
356 1392 431 1441 τοὶς
458 1407 502 1434 τε
531 1394 665 1441 οἰκίας
697 1390 944 1447 ἐνεπίμπρα,
975 1392 1049 1435 καί
1075 1391 1189 1435 ἔκαιε
1218 1393 1292 1449 τήν
1321 1409 1366 1435 τε
1399 1394 1604 1446 Πραΐλα·

132 1461 208 1511 βον
237 1457 359 1500 πόλιν
387 1460 470 1500 τῶν
496 1460 672 1513 Δακῶν,
714 1459 758 1500 ἐν
797 1454 826 1515 ᾗ
865 1462 938 1501 καί
964 1458 1121 1513 α’γοροὶν
1166 1459 1423 1514 παρέχονται
1452 1459 1602 1511 βελτίω

74 1532 120 1567 20
133 1523 311 1567 ἆπασαῖν
338 1526 422 1567 τῶν
458 1525 504 1566 ἐν
530 1526 579 1582 τῇ
616 1523 762 1583 χώρᾳ,
807 1527 891 1579 πῦρ
923 1525 1101 1574 ἐνιέντες
1122 1527 1382 1580 ζὲνέπρησαν.
1442 1526 1525 1568 εἰσί
1553 1527 1600 1566 δὲ
1617 1533 1649 1566 Ρ.
1667 1533 1739 1568 269

132 1589 178 1635 αἱ
208 1592 338 1633 οἰκίαι
370 1588 534 1642 ξύλιναι
561 1591 619 1640 αἷς
650 1589 694 1633 τὸ
723 1593 889 1633 ἐπίπαν.
919 1594 1056 1640 Λᾶκες
1085 1590 1165 1646 γὰρ
1197 1591 1253 1640 ὥς
1283 1589 1488 1634 ἐπύθοντο
1518 1594 1601 1644 βα-

130 1659 251 1700 σιλέα
284 1657 448 1700 ἐπιέναι
478 1656 552 1700 ἐπὶ
578 1658 703 1713 σφᾶς,
731 1655 806 1707 τὰς
827 1658 905 1710 μὲν
931 1662 1134 1711 γυναῖκας
1163 1660 1237 1700 καί
1265 1658 1421 1708 παῖδας
1454 1657 1601 1709 ὑπεξέ-

133 1890 317 1936 profectus
357 1895 411 1924 est
435 1896 559 1925 contra
598 1891 755 1925 Daciam.
819 1892 966 1926 tradunt
1000 1891 1095 1925 hunc
1139 1892 1335 1925 exercitum
1374 1892 1464 1936 regis
1490 1892 1601 1926 fuisse

132 1937 350 1978 maximum,
382 1944 421 1972 et
465 1938 661 1972 secundum
698 1939 948 1983 magnitudine
986 1939 1019 1972 ei
1063 1951 1170 1984 quem
1221 1943 1345 1972 contra
1393 1940 1601 1982 Byzantium

133 1983 297 2018 ductarat
330 1985 399 2019 iste
437 1997 509 2019 rex.
581 1997 702 2018 verum
741 1992 884 2020 constat
920 1987 1021 2019 ilium
1059 1987 1256 2019 exercitum
1301 1986 1410 2019 fuisse
1453 1987 1602 2032 reliquis

158 2031 394 2073 ulchriorem,
429 2038 466 2066 et
500 2033 695 2078 plurimum
731 2035 905 2067 momenti
940 2039 1016 2067 tum
1064 2035 1100 2066 in
1137 2036 1240 2066 armis
1280 2038 1355 2066 tum
1383 2034 1420 2066 in
1458 2035 1601 2080 reliquo

130 2043 222 2112 gelli
259 2085 431 2125 apparatu
467 2079 650 2113 habuisse.
713 2092 756 2114 eo
794 2087 911 2114 autem
953 2086 1112 2126 tempore
1154 2082 1191 2113 in
1227 2081 1333 2114 armis
1371 2080 1500 2114 habuit
1541 2093 1602 2114 rex

131 2125 272 2159 circiter
312 2127 440 2170 viginti
479 2128 642 2173 quinque
676 2128 854 2171 myriades
898 2128 1097 2160 hominum.
1168 2127 1275 2160 huius
1312 2129 1450 2161 numeri
1476 2129 1601 2161 „facile

130 2173 214 2206 iniri
242 2178 364 2218 potest
398 2175 488 2208 ratio
518 2187 560 2207 ex
600 2176 682 2208 Istri
720 2177 880 2209 traiectu.
942 2187 1020 2208 nam
1067 2175 1250 2220 publicani
1291 2176 1370 2208 Istri
1411 2176 1600 2209 traiectum

131 2226 294 2254 emerant
322 2221 366 2253 ab
392 2233 501 2266 rege,
542 2229 772 2256 numerantes
809 2223 954 2266 triginta
986 2224 1162 2265 myriades
1192 2233 1385 2255 aureorum
1409 2228 1599 2256 staterum:

130 2267 276 2301 interim
313 2273 434 2302 tamen
475 2275 615 2302 constat
655 2281 714 2303 eos
754 2281 840 2314 opes
875 2271 1044 2302 maximas
1084 2281 1162 2303 esse
1200 2271 1369 2304 luci-atos.
1420 2282 1485 2315 per
1510 2282 1600 2304 con-

130 2314 306 2348 tinentem
347 2314 480 2349 deinde
518 2317 694 2350 exercitus
732 2318 914 2362 profectus
957 2324 1010 2350 est
1044 2318 1088 2349 ab
1123 2317 1382 2362 Philippopoli.
1444 2319 1600 2363 implens

129 2371 216 2396 vero
233 2362 395 2396 triremes
420 2364 561 2397 circiter
585 2364 709 2407 viginti
734 2366 954 2410 quinqueet
971 2376 1078 2397 naves
1097 2365 1238 2397 circiter
1253 2370 1396 2397 centum
1428 2370 1464 2398 et
1490 2367 1598 2410 quin—

131 2409 317 2454 quaginta,
340 2410 428 2443 mari
471 2416 566 2444 recta
592 2411 783 2445 subvectus
809 2418 863 2445 est
898 2412 942 2444 ad
971 2413 1099 2445 lstrum
1129 2411 1231 2456 quasi
1257 2412 1327 2444 iter
1353 2411 1511 2445 facturus
1534 2425 1599 2458 per

129 2455 314 2489 Bidenam.
364 2457 468 2490 iussit
492 2463 610 2491 tamen
639 2465 678 2492 ut
699 2460 790 2492 istae
814 2470 920 2492 naves
941 2471 1004 2504 per
1022 2460 1197 2491 Euxinum
1222 2464 1373 2502 pontum
1400 2458 1445 2491 ad
1467 2460 1595 2494 Istrum

130 2503 404 2537 contenderent.
456 2510 492 2538 et
517 2505 665 2550 quidem
684 2507 814 2547 classis,
842 2506 1142 2552 quemadmodum
1171 2511 1406 2551 praeceperat
1434 2517 1507 2547 rex,
1532 2519 1598 2552 per

130 2549 287 2583 Pontum
327 2551 510 2585 ferebatur
548 2553 585 2585 in
621 2553 702 2586 lstri
737 2554 880 2587 ostium.
945 2553 1006 2585 ubi
1035 2554 1112 2585 Isti-i
1145 2564 1241 2585 oram
1278 2554 1419 2596 attigit,
1448 2553 1597 2588 adverso

131 2596 282 2631 flumine
310 2599 490 2642 navigavit
511 2599 694 2633 Bidenam.
746 2601 954 2646 ubicunque
980 2599 1258 2643 egrediebantur
1282 2600 1443 2638 navibus,
1469 2601 1597 2635 incen-

132 2643 268 2677 debant
293 2643 458 2678 aedificia
495 2651 531 2679 et
556 2646 826 2681 comburebant.
888 2647 1088 2680 Prailabum
1127 2647 1249 2679 urbem
1282 2648 1470 2688 Dacorum,
1503 2660 1597 2694 quae

131 2692 245 2724 totius
270 2691 402 2724 Daciae
443 2693 557 2726 forum
596 2700 672 2727 erat
694 2695 989 2734 celeberrimum,
1028 2695 1164 2727 iniecto
1200 2695 1281 2738 igne
1311 2702 1594 2730 concremarunt.

132 2737 307 2785 pleraque
335 2745 456 2773 autem
480 2740 582 2774 istius
624 2742 781 2786 regionis
820 2742 982 2776 aedificia
1019 2741 1138 2786 lignea
1164 2748 1265 2784 sunt3
1302 2741 1383 2774 hinc
1409 2742 1450 2776 fit
1478 2749 1516 2777 ut
1543 2744 1596 2776 sa-
