1774 3204
198 201 292 246 276
518 202 738 244 LAONICI
780 201 1285 244 CHALCOCONDYLAE

194 301 269 351 τὴν
296 299 441 352 χώραν
472 299 603 340 αὐτοῦ
630 299 826 353 ληίζεται.
856 298 994 352 ὀρεινὴ
1027 301 1074 339 δέ
1093 300 1202 340 ἐστιν
1228 299 1289 339 ἐπ’
1319 293 1451 351 ὅρους,
1483 298 1506 340 ὃ
1534 297 1615 342 ἆπὸ

190 365 264 416 τῆς
290 362 402 411 ἐντὸς
421 362 636 416 θαλάσσης
657 359 885 418 ἀρξάμενον
903 365 1130 405 κατατείνει
1151 362 1221 404 έπί
1241 362 1312 404 τὸν
1329 363 1522 416 ὠκεανόν,
1549 367 1620 406 sm*

190 429 267 481 τὴν
296 428 643 480 Πορτουγαλλίαν
666 427 822 480 χώραν.

302 487 429 534 Οὗτοι
455 494 531 544 μὲν
560 487 633 533 οὖν
657 491 695 534 οἱ
725 495 910 545 βασιλεῖς
938 492 1041 544 πρός
1060 507 1102 533 τε
1121 492 1324 544 ἀλλήλους
1341 493 1617 544 διενεχθέντες

187 571 231 597 τε
261 558 519 610 ἐπολέμησαν
546 560 744 612 πολλαχῇ,
773 559 845 598 καί
871 559 987 612 κοινῇ
1014 556 1117 609 πρὸς
1151 556 1217 598 τὸν
1242 558 1466 611 βάρβαρον,
1495 555 1546 598 τά
1574 564 1649 599 τεὸ

187 618 294 662 ἄλλα
322 623 392 662 καί
423 621 526 675 πρὸς
551 620 617 663 τὸν
643 623 827 675 Ἰβηρίας
855 624 1001 662 τοῦτον
1025 624 1198 672 βασιλέα
1221 617 1451 675 Ἀλφόνσος
1482 621 1502 662 ὅ
1533 625 1616 674 Τα-

187 688 371 736 ρακῶνος
399 684 608 738 βασιλεύς,
639 688 736 741 πρὶν
765 684 793 739 ἦ
821 686 862 734 ές
881 689 1065 727 Ἰταλίαν
1095 682 1337 740 ἆφικέσθαι,
1367 687 1616 739 ἐπολέμησεν

186 749 266 790 dne}
299 752 436 799 αἰτίας
465 753 657 803 τοιᾶσδε,
701 751 772 792 καί
807 752 932 798 αὐτός
959 766 1002 791 τε
1036 748 1143 791 ἑάλω
1174 750 1253 790 ὑπὸ
1284 751 1513 804 στρατηγοῦ
1539 752 1616 791 τοῦ

179 814 360 868 Ἰβήρων
388 819 605 866 βασιλέως,
634 816 842 870 Ἀλβάρου
873 812 1082 867 τοῦνομα,
1109 815 1218 868 ἔχειν
1245 817 1290 856 δὲ
1325 816 1396 855 καί
1421 813 1614 868 τραύμα-

145 887 232 931 Ωτα
274 882 422 933 ξυνέβη
461 881 629 934 α’μφοῖν.
708 881 763 929 ὥς
801 879 850 934 δη
893 883 1091 930 συλλέξας
1133 880 1396 931 στράτευμα,
1439 877 1509 920 abac*
1542 879 1670 920 τὸν10

182 944 360 998 ἀδελφὸν
403 946 532 985 αὐτοῦ
573 947 773 999 Ναβάρης
815 947 990 997 βασιλέα
1034 944 1311 997 παραλαβών,
1347 945 1613 997 ἐστρατεύετο

182 1010 251 1050 έπί
290 1009 360 1050 τὸν
397 1009 586 1062 Ἰβηρίας
613 1013 811 1062 βασιλέα,
850 1012 1043 1062 ἐσέβαλεν
1077 1011 1130 1057 ’ἐς
1165 1008 1238 1062 την
1268 1009 1475 1062 Ἰβηρίαν,
1513 1010 1614 1050 εἠα-

180 1075 361 1126 γομένων
401 1073 531 1114 αὐτόν
575 1077 644 1115 έπί
683 1076 758 1126 τὴν
794 1075 940 1127 χώραν
977 1075 1060 1114 τῶν
1106 1075 1149 1114 ἐν
1188 1074 1237 1128 τῇ
1286 1071 1407 1130 χώρᾳ
1453 1073 1612 1114 sumom-

177 1136 363 1188 μούντων
392 1139 510 1180 ἐνίων
538 1139 608 1179 διὰ
637 1139 680 1180 τὸ
711 1139 810 1191 πρὸς
837 1139 904 1180 τὸν
923 1134 1133 1189 ’Ἀλβαρον
1160 1138 1281 1189 μῖσός
1318 1153 1363 1179 τε
1390 1140 1462 1178 καί
1486 1136 1612 1190 ἔχθος

180 1203 339 1242 αὐτῶν·
369 1205 510 1243 τοῦτον
537 1203 615 1256 γὰρ
638 1202 804 1256 ἰδιώτην
835 1197 930 1244 ὄντα
957 1201 1034 1244 ἀπὸ
1059 1205 1301 1255 Ταρακῶνος
1326 1201 1398 1242 καί
1427 1201 1508 1242 α’πὸ
1537 1218 1611 1254 ,ιιι-
1626 1214 1666 1246 15

178 1270 283 1321 κροῦ
313 1269 422 1307 πάνυ
452 1267 696 1320 (ὁρμημένον
725 1268 796 1308 καί
821 1267 890 1308 έπί
919 1267 1046 1321 ἀρετῇ
1079 1268 1278 1320 ἐπίσημον
1303 1266 1530 1320 γενόμενον,
1556 1266 1612 1314 ὥς

180 1333 439 1384 παραχρῆμα
485 1333 676 1372 ἐπεδίδου
706 1332 837 1384 μέγα,
868 1329 948 1371 ὑπὸ
975 1330 1136 1371 πάντων
1169 1332 1222 1370 δι’
1253 1328 1402 1384 ἀρετὴν
1429 1331 1612 1383 τιμώμε-

180 1410 250 1435 νον
278 1396 509 1449 στρατηγόν
538 1411 583 1436 τε
623 1397 811 1445 α’πέδειξε
852 1394 956 1435 κατα
988 1395 1060 1448 την
1086 1394 1232 1447 χώραν
1263 1394 1418 1448 αὐτοῦ,
1445 1397 1518 1436 καί
1543 1395 1613 1436 ἐπὶ

180 1463 426 1513 στρατηγίας
462 1461 764 1510 καθιστάμενος
801 1463 910 1512 μέγα
950 1459 1195 1511 ἁπανταχοῦ
1229 1461 1449 1511 εὐδοκίμει.
1517 1457 1612 1500 τότε

182 1522 247 1576 δὴ,
278 1523 333 1571 ὥς
364 1525 479 1578 παρὰ
522 1528 581 1580 τῷ
620 1523 796 1578 Ἰβήρων
835 1528 1005 1575 βασιλεῖ
1038 1525 1106 1564 έπί
1140 1523 1366 1577 Ἀλφόνσον
1406 1523 1667 1578 πεμφθει“ς2ο

139 1586 260 1630 Βσὺν
288 1590 344 1644 τῷ
373 1589 664 1642 στρατεύματι,
697 1587 852 1641 ὑπήντα
875 1590 988 1642 αὐτῷ
1013 1586 1113 1629 κατὰ
1137 1586 1211 1640 τήν
1239 1588 1383 1641 χώραν
1411 1588 1466 1635 αἱς
1497 1590 1612 1629 έναν-

182 1654 446 1705 τιωσόμενος.
502 1656 591 1695 έπεί
621 1656 665 1694 δὲ
698 1652 825 1694 ἐπιών
854 1653 874 1694 ὃ
904 1653 1146 1707 Ἀλφόνσος,
1177 1651 1518 1705 συμπαραλαβών
1544 1651 1615 1694 καί

186 1791 362 1833 regionem
387 1790 589 1834 populatur.
638 1801 679 1821 ea
705 1794 820 1822 autem
847 1789 940 1832 regio
971 1794 1138 1821 montana
1163 1794 1227 1828 est,
1260 1794 1296 1821 et
1323 1798 1342 1820 a
1362 1794 1482 1822 monte
1506 1789 1567 1834 qui
1592 1800 1611 1820 a

184 1837 271 1868 mari
296 1836 436 1868 interno
469 1836 610 1868 initium
638 1836 768 1876 sumit,
791 1835 959 1880 panditur
990 1835 1028 1867 in
1055 1835 1234 1867 Oceanum
1257 1840 1293 1868 et
1318 1833 1612 1879 ad'Portugnliae

186 1883 376 1926 regionem.

280 1929 324 1960 Hi
349 1937 447 1969 reges
484 1928 622 1971 saepius
647 1927 740 1960 inter
763 1937 800 1959 se
826 1926 1038 1960 dissidentes
1072 1926 1168 1959 bella
1193 1932 1385 1969 gesserunt.
1434 1925 1612 1959 interdum

187 1974 298 2018 copiis
325 1974 524 2006 coniunctis
548 1974 675 2006 molem
705 1972 794 2004 belii
819 1984 958 2005 omnem
984 1974 1022 2004 in
1053 1973 1240 2005 barbarum
1262 1977 1472 2006 averterunt<
1522 1974 1613 2004 inter

188 2025 325 2052 caetera
351 2021 455 2052 etiam
491 2020 588 2051 bello
629 2019 805 2051 lacessivit
842 2018 1043 2062 Alphonsus
1074 2019 1388 2051 'l‘arraconensium
1416 2029 1474 2050 rex
1498 2028 1614 2061 rogem

188 2066 383 2106 lberorum,
408 2066 610 2109 priusquam
638 2066 675 2096 in
703 2065 838 2096 italiam
864 2066 1027 2097 venisset.
1088 2065 1174 2097 beili
1205 2071 1322 2096 autem
1347 2065 1419 2096 eius
1443 2064 1528 2096 haec
1555 2075 1613 2096 as-

189 2113 344 2154 signatur
368 2123 480 2144 causa.
530 2112 605 2155 ipse
632 2110 774 2155 quidem
795 2117 916 2154 captus
940 2116 991 2143 est
1009 2110 1052 2142 ab
1072 2111 1254 2143 Iberorum
1273 2110 1359 2152 regis
1384 2109 1486 2148 duce,
1508 2119 1614 2153 quem

192 2159 357 2190 Albarum
385 2157 625 2201 appellabant.
688 2162 838 2200 uterque
864 2162 982 2189 tamen
1012 2157 1157 2188 vulnera
1186 2157 1332 2199 accepit.
1381 2156 1503 2199 itaque
1529 2166 1614 2187 con-

190 2205 310 2236 tractis
337 2205 460 2247 copiis,
488 2208 523 2235 et
549 2208 724 2246 assumpto
755 2202 860 2234 fratre
885 2202 1032 2234 Nabaris
1061 2213 1163 2244 rege,
1203 2202 1334 2234 beilum
1358 2202 1468 2233 movit
1493 2206 1614 2233 contra

188 2251 372 2283 iberorum
409 2260 522 2292 regem
539 2274 548 2288 ,
573 2259 651 2280 cum
676 2247 900 2280 adiuvaretur
927 2259 1032 2291 opera
1060 2247 1280 2291 quorundam
1307 2247 1486 2280 iberorum
1509 2246 1614 2279 nobi-

190 2297 303 2336 lium,
339 2296 400 2340 qui
431 2295 595 2327 Aibarum
628 2294 870 2327 incitatissimo
911 2294 994 2325 odio
1039 2294 1354 2338 prosequebantur.
1403 2292 1498 2325 huuc
1521 2293 1615 2325 enim

191 2354 269 2374 cum
295 2341 420 2374 humili
444 2351 569 2384 genere
599 2340 636 2372 iu
662 2340 976 2372 Tarraconensium
1002 2341 1142 2382 regione
1182 2340 1274 2371 foret
1296 2344 1408 2371 natus'
1435 2344 1471 2372 et
1494 2339 1615 2382 priva-

191 2395 262 2421 tam
289 2393 497 2432 sequeretur
524 2387 656 2425 vitam,
693 2385 834 2418 tandem
868 2386 997 2418 virtute
1035 2385 1264 2417 nobilitatum
1303 2390 1339 2417 et
1369 2384 1413 2416 ab
1451 2384 1615 2418 omnibus

191 2435 383 2479 plurimum
411 2433 621 2465 honoratum
649 2431 839 2464 declaravit
865 2431 1016 2474 regionis
1042 2442 1125 2463 suae
1152 2431 1412 2474 imperatorem.
1462 2431 1521 2476 qui
1546 2431 1615 2463 im-

191 2486 334 2524 perator
362 2485 511 2517 creatus,
537 2488 749 2522 quocunque
775 2477 907 2508 beilum
933 2477 1105 2515 vertisset,
1130 2487 1267 2520 semper
1293 2478 1403 2520 gioria
1431 2487 1615 2509 coruscans

193 2531 229 2558 et
258 2537 294 2558 re
318 2526 410 2558 bene
436 2530 531 2568 gesta
556 2524 702 2556 redibat.
765 2523 886 2567 itaque
920 2534 996 2554 cum
1028 2522 1072 2554 ab
1100 2523 1279 2555 iberorum
1307 2534 1385 2566 rege
1409 2528 1529 2555 contra
1555 2521 1616 2554 Al-

192 2572 368 2615 phonsum
407 2577 498 2603 esset
536 2571 660 2602 missus
679 2594 687 2608 ,
725 2568 818 2600 haud
855 2568 1034 2600 socordiae
1059 2569 1174 2600 iocum
1200 2569 1274 2600 fore
1299 2575 1394 2602 ratus
1417 2567 1615 2612 Aiphonsus

194 2628 272 2649 cum
298 2618 452 2650 exercitu
478 2617 608 2649 Aibaro
632 2616 668 2647 in
695 2616 836 2658 regione
862 2615 1025 2654 occurrit,
1049 2616 1147 2658 quasi
1174 2615 1299 2658 praelii
1326 2619 1535 2659 potestatem
1560 2614 1615 2645 fa-

195 2669 324 2695 cturus.
385 2670 506 2706 postea
533 2661 731 2706 Alphonsus
755 2660 913 2694 adhibito
938 2661 974 2692 in
999 2662 1167 2693 auxilium
1193 2660 1298 2693 fratre
1323 2662 1360 2694 iu
1385 2659 1534 2693 iberiam
1558 2660 1616 2691 in-

195 2720 329 2753 gressus
357 2715 431 2749 est,
476 2715 513 2742 ut
543 2714 665 2742 contra
701 2718 816 2751 rogem
856 2706 1063 2740 decertaret.
1113 2706 1252 2742 obviam
1282 2711 1398 2741 autem
1422 2705 1617 2751 procedens
