1774 3204
201 181 295 224 278
530 182 746 223 LAONlCI
787 182 1290 226 CHALCOCONDYLAE

313 283 379 336 Τῷ
407 281 453 321 δὲ
491 283 660 332 βασιλεῖ’
678 280 884 335 Ἰβηρίας,
913 283 1009 334 περὶ
1040 276 1092 322 οῦ
1118 297 1191 334 μοι
1217 280 1390 335 ἐλέγετο,
1421 284 1628 336 συνῆπται

197 345 374 397 πόλεμος
414 343 517 397 πρὸς
560 345 626 385 τὸν
667 347 839 399 βασιλέα
878 344 1055 399 Λιβύων
1082 348 1162 388 τῶν
1190 347 1234 388 ἐν
1256 347 1297 387 Γ
1294 346 1449 404 ρανάτῃ
1467 380 1477 400 ,
1506 347 1548 389 οἳ
1571 347 1624 400 δὴ

199 409 279 450 α’πὸ
310 410 474 462 Λιβύης
503 408 546 449 τὰ
580 408 758 450 παλαιόν
797 410 1012 462 διαβάντες
1042 411 1114 450 καί
1149 412 1374 463 Μαρέλιαν
1402 409 1520 452 πόλιν
1547 428 1628 451 πα·

197 472 340 527 ράλιον
367 475 439 526 τῆς
453 473 655 527 Εὐρώπης
676 474 961 526 κατασχόντες,
995 477 1219 527 διέχουσαν
1238 470 1318 515 ἇπό
1337 476 1503 528 Λιβύης
1530 472 1630 516 &oei
1673 525 1683 531 .

194 539 391 584 σταδίους
419 536 668 590 πεντήκοντα
699 538 770 579 καί
799 540 1046 590 διακοσίους,
1074 538 1145 579 καί
1173 537 1366 580 ἐντεῦθεν
1395 535 1661 591 ὃρμώμενοιὸ

194 601 266 655 τήν
295 617 338 642 τε
360 601 552 655 Ἰβηρίαν
581 603 725 657 σφίσιν
742 602 1006 658 ὑπηγάγοντο,
1036 604 1107 644 καί
1135 602 1236 656 ἔργα
1256 601 1426 656 λαμπρά
1455 603 1628 644 ἄποδει-
1663 630 1666 632 >

195 667 387 718 κνὺμενοι
417 666 487 708 §nl
513 665 728 721 Κελτικήν,
755 666 829 722 τὴν
854 668 999 722 χώραν
1025 667 1164 709 αὐτῶν
1193 669 1263 710 ἐπὶ
1288 669 1394 721 μέγα
1426 663 1630 721 αὔξοντες,

194 729 471 784 προηγάγοντο
513 731 584 772 καί
622 730 693 774 ἐπὶ
737 735 968 785 Ταρακῶνα
1010 731 1082 774 καί
1105 734 1351 776 Βαλεντίαν.
1406 730 1510 785 πρός
1538 731 1630 773 τού-

195 810 289 844 τους
316 794 366 849 δὴ
402 794 482 836 α’πὸ
511 798 590 837 τῶν
625 798 794 838 Κελτῶν
834 796 1036 845 κατιόντες
1066 796 1103 838 οἱ
1130 799 1210 838 τῶν
1238 797 1418 851 Ἰβήρων
1445 799 1629 848 βασιλεῖς

199 861 427 910 διεδέξαντο
455 861 525 901 τὸν
555 859 657 915 πρὸς
686 863 854 913 Λίβυας
883 860 1056 910 τούτους
1088 862 1276 916 πόλεμον,
1309 863 1350 910 ἐς
1378 861 1498 902 πόλιν
1527 862 1630 913 ἐχυ-
1644 872 1687 905 10

160 923 281 976 Οράν
311 925 636 979 συνελάσαντες,
663 926 767 978 μετὰ
794 928 839 967 δὲ
867 928 1002 967 ταῦτα
1031 924 1307 979 ἐπολιόρκουν,
1339 927 1408 966 καί
1433 927 1475 973 ἐς
1505 927 1630 978 δεῦρο

195 987 259 1030 ἔτι
273 992 433 1030 τελοῦσι
450 993 500 1044 τῇ
516 988 631 1030 πόλει
647 1006 691 1031 τε
708 989 999 1038 ἐπελαύνοντες
1020 991 1159 1031 αιέίτε
1182 993 1254 1043 καί
1267 989 1447 1042 στρατὸν
1463 989 1632 1042 ἐπάγον-

197 1068 273 1101 τες.
304 1054 375 1094 nal
391 1055 440 1106 δή
462 1053 482 1094 ό
507 1056 586 1096 τῶν
604 1055 780 1107 Ἰβήρων
797 1054 994 1106 βασιλεῦς
1014 1056 1162 1106 δόμνος
1180 1055 1386 1109 Ἰωάννης,
1415 1053 1460 1102 ὃς
1487 1053 1632 1107 πρότε-

197 1116 271 1170 ρόν
298 1133 370 1170 μοι
399 1117 845 1174 ἐλέγετο,“ἑπελαύνων,
875 1118 1122 1172 προάγοντός
1147 1134 1191 1160 τε
1223 1122 1300 1160 τοῦ
1326 1120 1530 1172 Ἀλβάρου
1563 1120 1636 1159 καί

198 1184 490 1235 ἐποτρύνοντος
505 1186 680 1235 βασιλέα
699 1182 846 1234 ἐξελεῖν
860 1183 954 1231 τούς
967 1174 1148 1236 Λίβυας,
1163 1183 1217 1231 ὥς
1234 1182 1282 1236 δη
1300 1183 1632 1238 καταστρεψόμε-
1648 1195 1689 1230 15

199 1264 264 1297 νος
285 1249 406 1301 ἐπῆγε
435 1251 507 1288 τὸν
536 1247 715 1301 στρατόν
740 1248 809 1289 {nl
839 1248 914 1301 τὴν
943 1248 1073 1288 πόλιν.
1113 1250 1296 1288 ἐνταῦθα
1324 1247 1380 1295 ὥς
1406 1246 1444 1288 οἱ
1474 1246 1634 1299 Λίβυες

200 1314 514 1366 ἐπολιορκοῦντο
537 1314 679 1360 δειναῖς
699 1315 770 1353 καί
785 1311 826 1360 ἐς
844 1312 888 1353 τὸ
912 1311 1085 1364 ἔσχατον
1099 1315 1220 1365 λιμοῦ
1241 1312 1450 1366 ἀφίκοντο,
1471 1314 1511 1360 ἐς
1529 1307 1636 1352 dno-

199 1375 295 1429 ριάν
323 1377 601 1424 ἀπελαθέντες
632 1379 902 1432 μηχανῶνται
935 1377 1107 1421 τοιόνδε.
1165 1375 1358 1430 ἡμιόνους
1387 1377 1635 1417 δυοκαίδεκα

200 1441 387 1494 ἰσχάδων
419 1445 570 1496 φορτία
593 1441 951 1494 συσκευασάμενοι
978 1437 1156 1495 ἤλαυνον
1175 1439 1302 1482 έπίτὸ
1335 1440 1634 1495 στρατόπεδον·

201 1505 276 1554 τὰς
305 1507 350 1547 δὲ
380 1504 558 1559 ἰσχάδας
588 1507 645 1554 ὦς
670 1506 771 1548 κατά
802 1509 903 1558 μιάν
929 1505 1102 1560 ἑκάστην
1133 1507 1415 1558 διασχίζοντες
1442 1508 1633 1558 ἐνέβαλον
1646 1516 1691 1550 20

202 1570 317 1618 ἐντός
336 1569 534 1623 χρύσινον
554 1573 640 1622 ἕνα,
658 1571 730 1612 καί
747 1575 1026 1613 συνετέθειντο
1047 1566 1184 1618 αὖθις.
1213 1570 1258 1612 τό
1289 1572 1334 1611 δὲ
1351 1570 1534 1622 νόμισμα
1562 1571 1634 1624 τῆς

158 1635 389 1690 ΒἹβηρίας
424 1639 611 1689 χρυσοῦν
637 1636 813 1677 δύναται
854 1638 1079 1690 χρυσίνους
1109 1636 1316 1677 Ουένετιόν
1347 1634 1422 1676 δύο
1451 1635 1631 1680 ἕκαστον,

293 1734 326 1767 2.
353 1734 439 1779 τῶν]
464 1732 529 1768 τὸν
555 1735 579 1767 Ρ
697 1735 751 1766 12.
778 1733 1009 1768 διατελοῦσιῗ
1155 1733 1208 1766 15.
1235 1733 1583 1780 καταστρεψάμενος
1609 1733 1632 1766 Ρ

294 1780 351 1814 21.
381 1783 620 1822 συνετέθηντο
646 1781 689 1821 Ρ,
717 1783 938 1816 συνετὲθουν
962 1782 1001 1821 R,
1028 1782 1224 1822 συνετέθην
1246 1781 1276 1812 Τ
1296 1791 1340 1812 an
1367 1779 1612 1815 ovvezfflovu?

319 1869 401 1911 Regi
424 1869 619 1909 lberorum,
647 1869 690 1901 de
714 1881 783 1914 quo
809 1880 913 1914 supra
938 1869 1044 1902 verba
1069 1870 1158 1910 feci,
1183 1869 1316 1902 bellum
1343 1869 1413 1902 fuit
1437 1879 1516 1901 cum
1541 1868 1631 1901 Gra-

205 1919 310 1947 natae
347 1925 427 1958 rege
465 1916 593 1948 Poeno.
652 1916 759 1948 Poeni
795 1916 864 1948 iam
892 1916 977 1948 olim
1013 1916 1228 1948 traiicientes
1266 1915 1448 1947 Mareliam
1474 1915 1643 1958 Europae⁴

206 1961 342 2001 urbem,
366 1971 456 2005 quae
485 1961 639 1994 distabat
673 1972 691 1993 a
718 1961 827 2004 Libya
853 1961 973 1994 stadiis
998 1961 1159 1994 ducentis
1190 1961 1458 2006 quinquaginta,
1483 1971 1632 2004 occupa-

207 2011 299 2039 runt.
346 2006 428 2039 hinc
455 2008 653 2051 progressi,
680 2007 829 2040 Iber-iam
866 2018 929 2040 suo
959 2009 1106 2052 imperio
1133 2008 1346 2048 iunxerunt3
1381 2012 1627 2051 postea90um

205 2053 449 2093 memorabilia
475 2052 609 2097 ubique
634 2054 727 2086 facta
754 2053 911 2093 ederent,
939 2055 1045 2086 etiam
1068 2059 1190 2086 contra
1210 2054 1363 2086 Galliam
1387 2052 1522 2085 bellum
1546 2063 1633 2096 pro-

207 2105 405 2138 moverunt,
429 2100 553 2131 mirum
582 2100 619 2132 in
645 2099 787 2132 modum
814 2111 868 2133 res
894 2111 973 2132 suas
997 2105 1176 2141 augentes.
1225 2110 1290 2132 nec
1315 2099 1418 2131 etiam
1443 2098 1487 2130 ab
1503 2098 1633 2130 Tarra-

208 2156 296 2178 cone
341 2151 377 2178 et
401 2145 565 2178 Valentia
595 2145 811 2179 abstinuere.
870 2146 965 2178 Galli
1001 2146 1108 2188 igitur
1137 2145 1296 2177 adiuncti
1331 2144 1467 2176 lberiae
1495 2143 1633 2186 regibus

208 2196 330 2224 contra
354 2192 487 2224 Poenos
514 2191 647 2225 bellum
676 2197 918 2235 susceperunt,
955 2202 1088 2235 eosque
1113 2192 1149 2222 iu
1175 2191 1296 2222 urbem
1320 2190 1490 2222 munitam
1517 2201 1553 2222 se
1578 2200 1634 2222 re-

209 2238 325 2281 cipere
351 2238 620 2281 compulerunt;
662 2237 782 2270 urbem
807 2249 889 2269 vero
917 2243 1038 2281 postea
1063 2242 1322 2281 expugnarunt.
1381 2235 1496 2268 adhuc
1523 2235 1633 2268 hodie

209 2283 254 2315 ad
281 2283 402 2316 urbem
435 2283 525 2316 hanc
549 2282 740 2323 accedunt,
767 2283 949 2316 hostiliter
978 2284 1212 2315 incursionem
1242 2283 1411 2315 facientes
1437 2287 1473 2315 et
1498 2282 1634 2315 exerci-

209 2335 284 2361 tum
310 2329 486 2362 interdum
518 2329 744 2362 adducentes.
805 2334 841 2362 et
875 2340 958 2361 sane
993 2329 1173 2361 lberorum
1199 2339 1259 2361 rex
1284 2328 1446 2361 dominus
1472 2329 1635 2367 loannes,

210 2381 252 2407 ut
271 2381 374 2408 antea
403 2376 697 2419 significavimus,
737 2380 858 2408 contra
887 2386 946 2407 eos
977 2375 1155 2419 profectus
1188 2381 1263 2414 est,
1289 2375 1480 2418 praemisso
1507 2373 1634 2406 Albam

210 2421 310 2461 duce,
338 2422 399 2467 qui
429 2433 545 2465 regem
569 2421 614 2454 ad
639 2421 808 2454 delendos
827 2423 960 2454 Poenos
986 2420 1236 2461 inflammabat,
1262 2427 1298 2453 et
1322 2421 1440 2465 copias
1466 2419 1545 2452 urbi
1569 2419 1636 2452 ad-

209 2469 331 2500 movit.
379 2479 456 2501 cum
481 2474 596 2501 autem
615 2467 816 2511 gravissima
845 2467 1032 2500 obsidione
1058 2473 1300 2511 premerentur
1319 2466 1427 2500 Poeni
1453 2465 1634 2510 famesque

210 2513 435 2546 intoleranda
465 2513 581 2554 foret,
618 2513 717 2546 dubii
742 2513 828 2559 quid
853 2518 1009 2557 agerent,
1032 2512 1233 2546 huiusmodi
1266 2513 1354 2557 quid
1380 2513 1634 2556 excogitarunt.

210 2560 314 2592 mulis
356 2559 542 2593 duodecim
584 2560 728 2592 ficorum
767 2571 874 2592 onera
909 2560 1109 2603 imponunt.
1170 2559 1244 2591 ficis
1273 2559 1393 2591 onusti
1415 2557 1460 2591 ad
1481 2557 1637 2591 hostium

212 2611 320 2638 castra
358 2607 527 2639 feruntur.
593 2607 674 2639 ficos
720 2611 835 2638 autem
863 2605 1060 2638 dividentes
1094 2605 1240 2648 singulis
1275 2616 1419 2638 aureum
1457 2614 1635 2637 nummum

211 2652 428 2691 iniecerunt,
465 2653 667 2697 divisosque
703 2651 832 2685 deinde
868 2653 994 2685 iterum
1028 2653 1295 2685 coniunxerunt.
1358 2660 1519 2684 nummus
1551 2659 1635 2682 vero

212 2709 336 2731 aureus
362 2699 597 2743 Hispanorum
622 2698 758 2731 duobus
786 2698 900 2732 aureis
930 2699 1146 2731 Venetorum
1175 2698 1278 2730 valet.
1327 2697 1390 2731 hos
1417 2697 1526 2740 igitur
1552 2694 1634 2728 ficos
