1884 3178
500 166 573 204 DE
610 161 782 204 REBUS
823 159 1080 203 TURClClS
1121 162 1170 200 L.
1199 160 1272 199 111.
1505 151 1593 195 121

131 280 210 318 ρας
239 265 385 307 αὐτῶν
412 265 646 317 Μεχμέτης
674 261 694 302 ὁ
729 263 984 313 νομοθέτης,
1015 260 1087 301 καί
1113 257 1193 301 σὺν
1221 257 1279 314 τῷ
1303 253 1490 312 Ὁμούρῃ
1521 251 1598 308 τὴν
1617 262 1642 293 Β

130 331 386 384 νομοθεσίαν
417 329 630 386 δεξαμένῳ
661 327 732 370 ἐπὶ
764 325 843 380 τήν
869 329 944 380 τῆς
967 326 1114 375 Ἀσιάς
1143 324 1282 380 ἀρχὴν
1298 321 1598 378 προεληλύθει-

130 415 226 453 σαν,
247 395 411 451 μεγάλα
445 393 766 447 ἀποδειξάμενοι
797 392 913 447 ἔργα.

262 463 313 504 Ὁ
350 464 492 516 μέντοι
522 462 749 514 νομοθέτης
776 458 938 501 τούτων
981 458 1003 499 ὅ
1049 458 1280 511 Μεχμέτης
1309 461 1409 504 παῖς
1436 455 1598 508 λέγεται

100 532 331 585 5γενέσθαι
366 529 540 583 Ἀλιέω,
569 526 651 568 οἷπὸ
691 520 892 581 Ἀραβίᾶς
929 527 1006 579 τῆς
1044 523 1308 575 εὐδαίμονος.
1375 523 1599 574 ἐκθέμενον

133 599 182 639 δὲ
206 595 280 651 τὴν
306 597 559 649 νομοθεσίαν
587 593 717 635 αὐτοῦ
745 590 884 647 α’ρχὴν
901 593 1044 643 μέντοι
1061 591 1195 645 μηδὲν
1221 588 1463 642 βιάζεσθαι,
1492 586 1597 628 οἴνα-

129 660 330 705 πείθοντά
359 677 403 704 τε
442 660 542 709 τούς
574 655 772 715 ’Ἄραβας
808 660 881 699 καί
923 656 1090 711 Σύρους
1129 655 1233 708 μετὰ
1276 657 1435 697 ταῦτα·
1492 651 1597 705 μετὰ

129 731 176 772 δὲ
202 730 338 772 ταῦτα
369 725 710 781 προσλαβόμενον
752 729 829 767 τοῦ
851 725 1003 768 εΑλίεω
1033 724 1243 765 δυνάστου
1275 737 1320 763 τε
1348 722 1422 776 τῆς
1450 719 1598 773 χώρας

128 796 203 838 καί
228 795 468 848 ἐπιτηδείου
497 790 628 849 αὐτῷ,
657 792 714 841 ὦς
731 790 917 844 μάλιστα
937 789 1126 840 ἐπιόντα,
1159 786 1450 842 προσάγεσθαι
1481 787 1599 842 αὐτῷ

73 863 172 910 ιοές
202 860 280 916 τήν
309 860 583 912 νομοθεσίαν,
611 856 707 900 ὅποι
737 856 790 900 ἄν
818 859 930 916 ἐπίῃ,
959 856 1061 906 τούς
1086 857 1164 911 τὴν
1188 852 1336 909 χώραν
1365 854 1594 900 οἰκοῦντας.

125 929 237 970 α’νίει
261 942 304 969 τε
353 925 428 980 τὴν
467 925 721 979 νομοθεσίαν
762 924 852 967 ἔστε
896 924 973 978 τὴν
1035 922 1258 979 ῥαστώνην
1291 922 1363 962 καὶ
1404 918 1478 973 τήν
1521 921 1596 960 τοῦ

125 993 247 1036 θείου
275 996 480 1047 βακχείαν
509 994 673 1047 μέντοι,
701 993 859 1046 συνεχῆ
889 993 936 1032 δὲ
970 991 1028 1038 ὦς
1055 988 1242 1042 μάλιστα
1271 988 1465 1041 μελέτην.
1524 995 1635 1027 νο-(ῑ

125 1061 296 1114 μίζεται
331 1058 414 1114 γάρ
459 1060 574 1117 taringi
611 1057 802 1113 τετράκις
844 1060 917 1112 τῆς
966 1057 1128 1112 ἡμέρας
1175 1053 1493 1108 προσεύχεσθαι
1536 1054 1594 1108 τῷ

125 1127 227 1183 θεῷ,
257 1126 328 1167 ὑπ’
360 1125 534 1174 ου’δενὸς
572 1124 836 1178 κωλυόμενον
863 1125 923 1173 εἰς
950 1127 1096 1176 τοῦτο,
1126 1118 1235 1164 ὥστε
1266 1121 1326 1176 μή
1358 1120 1592 1175 προσεύξα-

72 1198 115 1234 15
127 1194 248 1235 σθαι.
277 1194 328 1248 τῇ
357 1193 404 1234 δὲ
433 1194 506 1246 τῆς
532 1193 790 1247 Ἀφροδίτης
825 1192 963 1249 ἡμέρᾳ
991 1191 1109 1247 κοινῇ
1135 1205 1178 1232 τε
1205 1186 1395 1236 ἅπαντας
1425 1188 1467 1234 ἐς
1491 1183 1592 1234 τούς

126 1257 257 1307 ναοὺς
283 1258 426 1306 ἰόντας
444 1257 764 1311 προσεύχεσθαι
789 1259 1018 1311 νομίζεται,
1034 1258 1134 1312 μηδ’
1164 1254 1304 1297 ὁτιοῦν
1321 1253 1427 1307 μήτε
1456 1249 1591 1306 ἄγαλ-

124 1341 188 1377 μα
231 1323 338 1378 μήτε
376 1319 478 1370 ἄλλο
510 1340 550 1365 τι
593 1326 677 1365 τῶν
720 1325 1021 1378 γεγραμμένων
1062 1319 1404 1377 προσλαβόμενοι)
1441 1319 1590 1373 σφίσιν

125 1392 169 1439 ἐς
196 1389 271 1444 τὴν
299 1388 544 1445 προσευχὴν
571 1392 616 1431 ὲν
644 1396 728 1438 τοῖς
754 1395 882 1438 ναοῖς.
950 1387 1078 1443 ἱερεῖς
1104 1404 1147 1430 τε
1179 1385 1327 1442 σφίσιν
1352 1386 1590 1426 καθιστῶν-

124 1471 204 1509 τες,
237 1453 345 1498 ὥστε
380 1455 462 1512 πρὸ
489 1459 568 1499 τοῦ
597 1458 704 1498 ναοῦ
724 1459 767 1505 ές
798 1455 1015 1510 περιωπήν
1044 1471 1139 1496 τινα
1171 1453 1332 1507 πύργον
1359 1452 1699 1503 πεποιημέ-Υώι

65 1527 112 1562 20
125 1538 195 1566 νον
221 1522 501 1575 ἀναβαίνοντα
531 1524 847 1577 προσεύχεσθαι
877 1525 935 1579 τῷ
963 1523 1049 1579 θεῷ
1076 1521 1235 1577 μεγάλῃ
1267 1521 1388 1576 φωνῇ
1419 1517 1492 1558 καί
1521 1518 1591 1557 du*

122 1587 202 1638 τὰς
228 1590 508 1642 νομιζομένας
536 1589 668 1644 εὐχάς
705 1592 923 1631 ποιεῖσθαι
962 1587 1189 1644 κεκραγότα
1231 1587 1516 1641 γεγωνότερον.
1546 1585 1590 1631 ἐς

121 1657 200 1709 μὲν
229 1651 305 1697 οὖν
333 1654 407 1710 τὴν
433 1656 675 1712 προσευχήν
721 1652 855 1698 αὐτοῦ
890 1658 1007 1710 γένος
1048 1657 1094 1697 δὲ
1138 1656 1264 1696 τοῦτο
1311 1651 1433 1706 ἴσμεν
1465 1652 1508 1701 ἐς
1537 1648 1632 1693 uio

124 1802 247 1824 eorum
274 1791 337 1837 qui
368 1791 487 1824 herois
530 1792 740 1836 religionem
773 1797 968 1826 sectentur.
1030 1802 1114 1836 gens
1143 1791 1207 1823 illa
1234 1801 1309 1824 non
1336 1788 1500 1834 profana,
1527 1798 1589 1819 ve·

127 1850 203 1871 rum
229 1849 325 1871 sacra
364 1844 559 1884 sanctaque
585 1839 766 1880 creditur,
811 1841 896 1885 quia
924 1838 1040 1873 edidit
1066 1839 1304 1872 Mechmetem
1335 1837 1588 1881 legislatorem,

125 1885 190 1930 qui
219 1886 292 1918 illis
330 1887 501 1930 stipatus,
528 1892 567 1919 ut
592 1887 654 1932 qni
682 1888 759 1920 eius
801 1889 1042 1932 suscepissent
1080 1886 1196 1930 leges,
1233 1895 1440 1930 progressus
1467 1884 1513 1915 sit
1543 1881 1589 1914 ad

125 1933 230 1966 Asiae
278 1933 488 1978 imperium,
524 1945 604 1966 cum
644 1934 776 1968 Arabes
818 1935 957 1980 ubique
1005 1945 1131 1978 magna
1179 1932 1322 1966 virtutis
1355 1930 1590 1965 ostenderent

125 1979 296 2013 facinora.

221 2028 332 2060 Aiunt
367 2026 609 2070 legislatorem
637 2028 874 2062 Mechmetem
914 2029 1022 2062 fuisse
1049 2029 1162 2060 filium
1191 2027 1314 2066 Hunis,
1342 2024 1506 2058 Arabiam
1535 2023 1588 2055 se-

126 2073 232 2107 licem
257 2074 463 2108 incolentis·
522 2075 627 2108 initio
665 2076 901 2120 legislationis
934 2088 1018 2109 suae
1042 2075 1135 2108 nihil
1172 2075 1206 2107 vi
1234 2074 1326 2117 egit,
1351 2072 1414 2105 sed
1438 2082 1589 2116 persua-

122 2122 229 2154 sione
256 2122 406 2166 primum
435 2122 584 2161 Arabes,
609 2122 741 2156 deinde
768 2123 874 2166 Syros
896 2125 1004 2168 cepit.
1030 2129 1156 2168 postea
1183 2122 1220 2154 in
1245 2132 1342 2154 suam
1371 2118 1586 2152 sententiam

124 2168 286 2202 traduxit
314 2169 452 2201 Haliem
481 2170 639 2213 regionis
664 2170 1010 2210 administratorem,
1051 2172 1113 2216 qui
1140 2181 1219 2201 cum
1247 2169 1316 2213 ipsi
1343 2167 1436 2200 foret
1462 2165 1587 2197 intima

126 2215 376 2249 familiaritate
413 2217 651 2257 coniunctus,
678 2218 783 2251 facile
814 2229 936 2251 omues
965 2224 1079 2251 terrae
1105 2228 1189 2250 suae
1215 2215 1350 2248 incolas
1375 2211 1587 2246 Mechmetis

124 2263 224 2306 leges
257 2264 438 2308 suscipere
476 2265 604 2308 coegit.
663 2265 758 2309 leges
798 2267 892 2298 enim
920 2266 1008 2298 istae
1038 2265 1128 2297 nihil
1162 2262 1264 2296 aliud
1292 2272 1397 2307 quam
1425 2260 1584 2304 quietem

126 2315 163 2343 et
186 2311 345 2344 numinis
383 2310 563 2355 quendam
603 2311 759 2345 furorem
792 2319 1078 2358 perpetuamque
1113 2310 1385 2344 meditationem
1419 2307 1584 2339 contiue-

124 2356 225 2390 bant.
290 2369 369 2390 nam
407 2359 502 2390 iuter
539 2364 678 2392 caetera
715 2361 771 2392 lex
804 2367 857 2393 est
897 2366 936 2393 ut
961 2366 1087 2405 (ltiater
1123 2359 1255 2391 diurno
1286 2362 1447 2399 tempore
1477 2352 1582 2385 deum

125 2403 298 2446 adorent3
336 2417 402 2437 nec
428 2405 569 2446 sinant,
600 2418 838 2453 quaecunque
866 2413 984 2440 tamen
1011 2406 1224 2444 inciderint,
1262 2403 1306 2435 ab
1345 2403 1411 2434 ista
1441 2401 1519 2443 lege
1545 2411 1582 2432 se

125 2453 278 2484 avocari.
327 2453 469 2485 veneris
501 2452 559 2486 die
586 2465 709 2487 omnes
739 2466 810 2487 uno
829 2466 1004 2488 consensu
1035 2454 1240 2498 frequentes
1266 2451 1303 2483 in
1330 2448 1464 2492 templa
1483 2459 1582 2479 com-

124 2504 268 2539 meant,
294 2500 520 2533 orationibus
557 2513 700 2544 operam
736 2502 875 2536 dautes.
926 2503 1041 2545 legem
1078 2501 1235 2538 habent,
1270 2507 1362 2542 quae
1394 2495 1504 2527 edicit
1542 2499 1583 2527 ut

123 2546 259 2578 nullam
285 2546 474 2588 imaginem
511 2559 631 2593 neque
659 2549 764 2581 aliam
800 2551 974 2594 picturam
1005 2550 1042 2581 in
1070 2547 1202 2591 templa
1229 2544 1432 2582 admittant,
1457 2552 1582 2586 pree-‘¹-

124 2593 260 2626 tionem
288 2593 457 2627 addeum
482 2597 775 2629 transmittentes.
828 2598 967 2640 eligunt
988 2594 1202 2632 sacerdotes,
1227 2592 1272 2624 de
1300 2601 1453 2636 quorum
1477 2599 1582 2632 grege

123 2651 215 2673 uuus
243 2646 343 2673 extra
371 2641 543 2685 templum
581 2643 618 2675 in
653 2645 760 2676 turris
789 2644 1021 2688 pinnaculum
1047 2641 1091 2674 ad
1120 2641 1157 2673 id
1183 2643 1427 2683 mmparatum
1454 2647 1581 2668 ascen-

124 2686 177 2720 dit
204 2698 402 2733 magnaque
444 2699 528 2720 voce
563 2689 668 2722 deum
707 2691 843 2723 adorat.
906 2701 1028 2735 preces
1067 2689 1243 2720 solemnes
1282 2696 1423 2728 semper
1446 2684 1580 2716 maiore

122 2745 208 2768 voce
233 2745 401 2780 peragere
433 2735 562 2770 solent.
613 2737 679 2771 hoc
708 2738 814 2772 modo
832 2739 938 2771 'surci
968 2747 1091 2782 preces
1117 2747 1196 2767 suas
1224 2732 1500 2772 concelebrant3
1526 2735 1579 2763 ab
