1832 3216
478 202 549 241 DE
592 200 765 241 REBUS
805 199 1060 242 TURClClS
1101 202 1133 241 L
1163 202 1235 240 IV.
1511 195 1604 239 173

137 300 394 354 συμμάχους
441 302 514 341 καί
545 300 588 348 ἐς
630 299 760 352 ὀργήν
798 299 948 352 ταχύς.
1012 300 1220 348 Στὲπανος
1259 301 1339 351 μὲν
1380 293 1455 341 οὖν
1482 296 1526 340 ἐν
1554 299 1645 355 τῇίῖ

138 364 394 423 παρατάξει,
437 364 495 414 ὥς
524 367 580 424 τῷ
615 365 821 419 Ἑλλήνων
865 364 1065 407 συνέθετο
1104 368 1279 418 βασιλεῖ’
1302 381 1348 407 τε
1375 364 1450 407 καί
1476 367 1606 407 Μου-

96 485 99 488 y
139 432 368 491 σουλμάνῃ,
399 431 761 488 αὐτομολήσαντες
788 431 990 488 ἀφίκοντο
1023 433 1095 473 ἐπί
1113 431 1376 483 Βυζάντιον·
1438 434 1608 485 Μωσῆς

141 502 189 542 δὲ
217 500 275 549 ὥς
305 500 488 554 ἐμάχετο
519 498 733 552 συμμίξας
752 501 811 554 τῷ
839 497 1025 554 ἀδελφῷ,
1056 497 1155 547 τούς
1170 514 1215 540 τε
1251 498 1331 539 α’πὸ
1364 501 1440 553 τῆς
1466 498 1610 546 Ἀσίας

107 565 346 621 δὲτρέψατο
380 568 452 608 καί
480 563 716 616 ἐπεξελθών
749 565 910 606 ἐδίωκε.
991 563 1343 620 Μουσουλμάνης
1375 566 1422 606 δὲ
1448 564 1506 612 ὥς
1536 561 1608 618 ἧτ-

141 633 287 688 τηθείς
321 630 526 687 ἀνεχώρει
556 633 626 673 ἐπὶ
652 630 915 685 Βυζάντιον,
947 631 1005 679 ὥς
1043 633 1205 684 ἐγένετο
1234 629 1350 684 παρὰ
1394 633 1446 688 τῇ
1475 629 1609 682 πόλει,

140 697 434 751 ἐπιλεξάμενος
461 696 619 752 βουλὴν
636 697 927 753 γενναιοτάτην
954 697 1027 739 καί
1051 695 1162 750 ἔχων
1195 699 1293 751 μεθ’
1322 694 1483 739 ἑαυτοῦ·
1509 697 1614 738 uiuet*

139 763 437 813 πεντακοσίους
470 759 640 818 ἄνδρας,
670 762 952 818 ἐπιρρεόντων
981 763 1054 805 καί
1082 759 1222 805 ἄλλων
1251 765 1389 816 τινῶν,
1421 761 1610 805 ὑποδυό-

138 846 264 884 μενος
291 830 367 885 τὴν
395 833 467 883 τῆς
493 828 655 878 πόλεως
682 828 859 886 τάφρον,
889 829 1060 884 ἔχοντος
1087 831 1166 871 τοῦ
1190 829 1383 884 ἀδελφοῦ
1411 833 1610 878 ΙΙΙωσέως

84 909 128 944 10
140 897 256 954 α’μφι,1
270 897 344 952 τὴν
367 899 508 946 δίωξιν
535 897 607 939 καί
638 898 962 953 διαφθείροντος
984 896 1064 938 σὺν
1094 902 1179 945 τοῖς
1197 893 1366 951 ἑαυτοῦ,
1397 894 1455 945 ὦς
1482 897 1608 947 ὑπεξ-

137 966 306 1020 έρχοιτο
346 963 445 1013 τοὺς
478 965 704 1016 πολεμίους
732 965 804 1006 §ni
830 962 873 1006 τὸ
913 961 1197 1018 στρατόπεδον
1241 958 1375 1005 αὐτοῦ’
1404 960 1608 1018 ἀφικόμε-

138 1046 221 1083 νος,
249 1029 294 1074 τό
324 1046 370 1073 τε
409 1027 693 1086 στρατόπεδον
738 1028 1014 1085 κατελήφθη,
1056 1031 1130 1072 καί
1164 1028 1263 1079 τούς
1296 1031 1651 1084 ἐπιγινομένουςι)

139 1095 222 1140 α’πό
251 1097 325 1152 τῆς
353 1095 508 1152 μάχης,
540 1098 584 1139 οἳ
604 1094 982 1152 καταφεύγουσίτε
1008 1098 1080 1138 καί
1095 1095 1341 1153 ἐπανῄεσαν,
1371 1098 1606 1152 διέφθειρε.

139 1162 213 1207 καί
237 1162 296 1213 ὥς
326 1162 524 1219 ἐπανήκει
552 1179 595 1205 τε
625 1163 752 1212 αὐτὸς
783 1165 950 1216 ,Μωσῆς
988 1163 1176 1205 ἐλαύνων
1207 1162 1279 1206 ἐπὶ
1305 1162 1350 1205 τὸ
1379 1161 1608 1217 στρατόπε-

86 1245 128 1279 15
141 1232 215 1273 δον
245 1229 327 1272 ἀπὸ
359 1231 433 1284 τῆς
460 1227 615 1286 μάχης,
643 1229 717 1272 καί
746 1227 852 1284 ἔγνω
883 1228 933 1285 δὴ
982 1232 1312 1285 κατειλημμένον
1351 1228 1396 1272 τὸ
1426 1227 1608 1283 στρατό-
1621 1242 1665 1275 v,
1680 1241 1726 1276 73

141 1299 287 1348 πεδον,
320 1297 470 1338 αὐτίκα
500 1298 543 1346 ἐς
575 1295 715 1352 φυγήν
737 1312 780 1338 τε
813 1296 942 1345 αὐτὸς
973 1297 1171 1351 ἐτράπετο
1201 1296 1274 1339 καί
1298 1299 1375 1339 τοῦ
1406 1294 1611 1350 στρατεύ-

118 1380 272 1416 γματος
300 1364 488 1420 διέφυγε,
517 1363 591 1405 καὶ
617 1359 723 1420 ἄλλῃ
758 1357 898 1416 ἄλλος,
928 1357 955 1420 ᾗ
984 1360 1143 1421 ἑκάστῳ
1173 1362 1429 1418 προυχώρει.
1463 1361 1501 1404 οἱ
1531 1365 1610 1414 μὲν

142 1446 249 1479 τινες
275 1430 348 1472 καί
376 1432 440 1472 ἐπ’
473 1428 603 1472 αὐτὸν
633 1430 784 1472 αὐτίκα
814 1428 948 1479 ἰόντες
974 1428 1047 1472 τὸν
1068 1431 1414 1487 Μουσουλμάνην
1442 1430 1499 1478 ὥς
1530 1433 1610 1483 βα-

145 1498 265 1540 σιλέα
287 1495 586 1552 προσεκύνουν,
615 1496 689 1539 καί
712 1496 972 1548 ἐξελαιῖνοντι
1003 1496 1242 1552 ἐφείποντο.

87 1577 134 1611 20
258 1564 606 1620 Μουσουλμάνης
650 1566 727 1615 μὲν
756 1562 808 1618 δὴ
830 1586 838 1596 2
857 1562 970 1606 οὕτω
1009 1565 1060 1605 τά
1090 1562 1319 1617 πράγματα
1345 1560 1468 1616 ε”σχεν
1500 1563 1719 1617 ιίμφι“ι406

145 1636 238 1674 ταῖν
265 1633 480 1686 ἠπείροιν,
513 1629 794 1685 γενναιότατα
826 1630 877 1685 δὴ
910 1630 1077 1673 πάντων
1106 1624 1164 1671 ὧν
1206 1629 1328 1684 ἡμεῖς
1360 1628 1483 1682 ἴσμεν
1510 1627 1618 1683 πρὸς

146 1695 220 1740 τὸν
237 1697 423 1754 α’δελφόν
450 1699 818 1752 διαγωνισάμενος.
849 1698 1057 1745 ἐπελάσας
1073 1698 1151 1749 μὲν
1169 1693 1246 1737 οὖν
1275 1698 1319 1746 ἐς
1336 1694 1410 1750 τὴν
1438 1695 1618 1750 Ἀδρια-

245 1822 299 1856 17.
325 1822 561 1871 προσεχώρει
590 1823 611 1856 Ρ
708 1823 766 1856 21.
796 1822 834 1858 δὲ
862 1824 884 1856 Ρ

155 1978 234 1999 cnm
262 1966 482 2000 Graecorum
525 1977 606 2010 rege
650 1972 685 2000 et
717 1966 955 2006 Mulsumane,
981 1965 1134 2009 turpiter
1170 1963 1363 2007 transfugit
1398 1963 1618 2006 Byzantium.

157 2013 274 2047 Moses
302 2025 381 2046 cum
421 2014 600 2059 occiperet
635 2014 812 2058 praelium
836 2013 1006 2046 adversus
1033 2014 1176 2045 fratrem
1193 2037 1202 2052 ‚
1230 2011 1398 2043 Asianum
1425 2011 1621 2043 exercitum

158 2061 197 2094 in
223 2060 342 2106 fugam
367 2062 540 2107 compulit
573 2061 843 2106 fugientemque
870 2066 1080 2106 persecutus
1110 2065 1177 2092 est.
1227 2058 1472 2091 Mulsumanes
1498 2069 1535 2090 se
1564 2059 1622 2090 vi·

158 2114 252 2142 ctum
279 2109 451 2142 simulans
472 2107 711 2141 retroferebat
735 2109 896 2152 gradum,
922 2106 1131 2151 Byzantium
1158 2106 1346 2139 festinans.
1397 2116 1476 2138 cum
1501 2110 1621 2137 autem

158 2156 316 2189 venisset
339 2156 384 2189 ad
411 2156 548 2197 urbem,
575 2155 766 2189 consilium
796 2156 894 2201 cepit
928 2155 1042 2188 multo
1070 2154 1397 2199 generosissimum.
1446 2163 1530 2185 nam
1555 2151 1621 2184 ha-

159 2203 249 2236 bens
275 2214 395 2236 secum
421 2205 515 2236 viros
541 2203 680 2236 circiter
706 2203 943 2248 quingentos,
973 2201 1271 2235 concurrentibus
1300 2201 1409 2233 etiam
1435 2200 1515 2232 aliis
1542 2200 1625 2244 qui-

159 2249 322 2290 busdam,
346 2251 443 2284 urbis
471 2252 597 2284 fossam
624 2251 803 2295 ingressus
828 2256 894 2284 est.
960 2250 1067 2283 fratre
1107 2254 1224 2281 autem
1255 2253 1430 2292 occupato
1454 2258 1624 2292 persecu-

160 2298 263 2331 tione
290 2302 327 2331 et
350 2298 461 2332 caede
488 2297 658 2339 hostium,
685 2299 722 2331 in
749 2298 826 2331 eius
852 2303 965 2331 castra
999 2298 1134 2329 irruere
1159 2296 1306 2337 statum
1333 2294 1432 2340 quod
1461 2299 1498 2327 et
1526 2294 1625 2335 fecit,

161 2345 358 2391 castrisque
383 2347 522 2391 potitus
552 2351 617 2378 est.
675 2356 736 2378 eos
763 2345 991 2390 qui-praelio
1026 2355 1100 2376 non
1130 2343 1370 2376 interfuerant
1393 2347 1457 2374 aut
1479 2341 1561 2384 fuga
1586 2341 1625 2374 in

160 2396 275 2425 castra
299 2403 336 2426 se
366 2398 584 2438 receperant,
612 2393 744 2426 occidit
773 2404 910 2426 omnes.
970 2390 1102 2425 deinde
1129 2402 1210 2423 cum
1234 2401 1253 2422 a
1276 2389 1530 2435 persecutione
1557 2388 1625 2422 ho-

160 2439 341 2484 stiumque
365 2440 475 2473 caede
502 2451 664 2474 reversus
684 2441 804 2473 Moses
832 2438 1057 2486 procederet
1073 2437 1117 2471 ad
1147 2443 1273 2476 castra,
1302 2436 1470 2480 cognovit
1495 2447 1536 2468 ea
1564 2447 1624 2468 ca-

160 2491 222 2532 pta
261 2497 350 2520 esse.
411 2487 512 2520 illico
549 2488 658 2532 igitur
698 2488 780 2531 fuga
822 2487 889 2520 sibi
918 2486 1121 2526 consuluit,
1150 2485 1420 2528 exercitumque
1449 2482 1622 2516 deseruit.

160 2533 252 2566 alius
277 2538 397 2567 autem
426 2534 499 2568 alio
521 2560 530 2574 ,
558 2535 619 2568 ubi
649 2546 685 2568 se
723 2535 938 2568 tutissimum
964 2535 1040 2567 fore
1068 2532 1268 2571 iudicabat,
1294 2530 1421 2564 sedulo
1453 2530 1623 2575 diffugie-

160 2579 236 2616 bat.
287 2581 432 2626 quidam
458 2582 632 2615 continuo
666 2581 712 2615 ad
738 2582 855 2628 ipsum
893 2580 1138 2627 properabant
1164 2580 1439 2618 Muisnmanem‚
1466 2589 1623 2624 eumque

161 2633 201 2662 ut
225 2639 342 2672 regem
372 2627 592 2672 adorabant3
622 2636 658 2663 et
688 2641 904 2675 quocunque
930 2633 1117 2674 pergeret,
1142 2625 1399 2671 sequebantur.

255 2687 295 2720 In
321 2686 418 2721 hunc
442 2686 587 2721 modum
615 2700 652 2722 se
683 2699 737 2722 res
753 2687 991 2722 Mulsumanis
1010 2685 1196 2718 habebant
1225 2684 1261 2717 in
1292 2684 1516 2724 continente,
1544 2694 1624 2717 cum

162 2735 355 2768 fortissime
398 2735 581 2774 omnium,
608 2747 697 2781 quos
729 2736 838 2769 sciam
858 2760 867 2775 ‚
899 2733 1068 2767 adversus
1106 2733 1250 2765 fratrem
1279 2743 1379 2764 suum
1407 2730 1625 2765 dimicasset.

162 2782 346 2828 profectus
370 2780 455 2815 hinc
469 2781 741 2828 Adrianopolim
767 2783 868 2828 regni
894 2780 1027 2822 sedem,
1056 2791 1202 2824 regnum
1230 2778 1496 2825 imperiumque
1524 2777 1624 2812 ordi-
