1858 3210
463 206 536 246 DE
579 205 751 246 minus
792 201 1048 244 'runcicls
1088 203 1276 242 L.V111.
1486 191 1583 240 417

120 323 214 361 στα,
240 302 577 359 παρεσκευάζετο
618 303 763 356 μέντοι
791 304 865 344 καί
892 300 1044 355 αὐτός,
1073 297 1124 356 ἢν
1153 298 1447 356 ΙΙἸπελογράδη
1475 298 1589 342 ἇλοό..

121 387 254 424 σοιτο,
285 371 436 414 αὐτίκα
468 372 542 412 καί
570 368 699 418 αὐτὸς
727 367 1121 422 πολιορκησόμενος.
1183 368 1392 417 ἐπελάσας
1420 369 1467 410 δὲ
1494 365 1593 409 &no-

124 438 283 494 λιόρκει
314 435 388 492 τήν
432 435 567 478 πόλιν.
623 434 753 478 ἔκειτο
795 433 866 476 διὰ
899 435 1034 487 μέσου
1063 440 1151 477 τοῖν
1186 441 1390 487 ποταμοῖν
1418 433 1632 488 ἰσθμός,Β

125 505 228 550 ἑπτὰ
259 506 410 548 στάδια
439 503 627 557 μάλιστα
656 503 700 544 τὸ
733 496 882 555 εὖρος·
913 499 1017 542 ἔνθα
1047 501 1098 555 δὴ
1127 500 1336 550 καθιστάς
1364 503 1437 544 καὶ
1465 518 1597 555 στρα-

91 570 486 624 5τοπεδευσάμενος
517 567 752 622 ἐπολιόρκει
779 566 827 610 τὸ
861 562 980 618 ἄστυ,
1010 566 1083 608 καί
1104 565 1226 610 ἔπαιε
1252 570 1331 621 μὲν
1358 567 1597 623 τηλεβόλοις

74 651 75 655 ’
127 639 176 683 τὸ
207 645 358 693 τεῖχος,
387 639 460 679 καί
488 636 528 678 οἱ
556 632 754 690 νεήλυδες
781 638 869 682 τοῖς
901 633 1190 687 στεγάσμασιν
1221 637 1359 689 α’γχοῦ
1384 635 1598 688 γενόμενοι

126 707 205 750 τοῦ
233 706 401 758 τείχους
431 701 624 754 ἐτόξευόν
652 716 698 742 τε
742 700 843 749 τούς
871 699 1080 750 Παίονας.
1138 701 1422 755 στρατόπεδον
1453 703 1500 743 δὲ
1527 702 1602 742 καί

127 774 255 816 τοῦτο
282 773 392 825 μέγα
420 771 630 823 βασιλέως
658 765 828 821 ἐγένετο.
886 767 1156 819 ἐννοούμενος
1183 769 1228 810 δὲ
1260 765 1281 808 ὅ
1311 766 1514 820 βασιλεῦς
1544 765 1601 816 ὥς

128 835 181 894 ἢν
212 835 469 892 ἐπικρατήσῃ
510 835 586 877 τοῦ
625 835 821 886 ποταμοῦ
866 832 939 875 καί
980 834 1038 889 μὴ
1082 833 1256 875 δυνατοὶ
1291 830 1398 876 αἷσιν
1435 833 1499 877 ἔτι
1526 835 1603 875 τοῦ

75 909 119 944 10
131 907 282 949 λοιποῦ
309 904 545 956 διαβαίνειν
582 899 622 943 οἱ
653 902 840 949 Παιόνες
876 902 920 948 ἐς
949 898 1026 954 τὴν
1067 900 1186 942 πόλιν
1215 900 1298 942 ἀπὸ
1330 903 1404 956 τῆς
1432 902 1604 942 α’ντιπέ-

131 989 214 1028 ραν
233 973 310 1014 τοῦ
354 970 544 1021 ποταμοῦ
571 965 831 1020 ἐπαμύνειν,
876 968 980 1024 ῥᾷον
1009 968 1138 1025 'aurcis'
1179 970 1489 1023 προσχωρῆσαι
1530 967 1606 1023 τὴν

130 1038 250 1081 πόλιν
292 1034 559 1094 [amazosai
597 1033 636 1076 οἱ
672 1032 749 1088 τήν
789 1034 951 1089 πόλιν],
995 1032 1180 1089 ἐπλήρου
1210 1034 1405 1077 ναυτικόν
1434 1034 1557 1088 πολύ,
1584 1033 1645 1082 Bc

131 1103 238 1146 κατὰ
269 1101 347 1158 τὴν
377 1103 627 1156 παρίστριον
655 1101 801 1154 χώραν
818 1099 953 1141 αὕτοῦ
970 1098 1208 1155 ἐξηρτύετο,
1234 1102 1308 1143 καί
1333 1099 1605 1156 παρεσκευά-

134 1172 225 1222 ζετο
256 1170 371 1224 α’μφί
397 1168 449 1209 τὰ
481 1164 679 1207 διακόσια
708 1170 846 1220 πλοῖα,
875 1167 1010 1208 ταῦτα
1041 1165 1268 1222 πληρώσας
1294 1167 1366 1209 τόν
1394 1185 1440 1210 τε
1470 1184 1603 1210 ποτα-

79 1235 216 1290 ιὸμὸν
243 1234 523 1287 κατασχὴσων
541 1268 552 1286 ‚
596 1231 848 1274 διακωλύειν
875 1230 952 1287 τήν
980 1232 1186 1276 Παιόνων
1222 1234 1405 1288 δύναμιν
1430 1238 1604 1290 διαβαί-

134 1318 221 1344 νειν
251 1300 293 1349 ἐς
321 1298 400 1354 τήν
430 1299 572 1350 πόλιν,
601 1299 676 1339 καί
701 1296 800 1347 τούς
835 1314 883 1352 γε
917 1300 963 1340 ἐν
1000 1302 1052 1357 τῇ
1087 1298 1206 1341 πόλει
1236 1302 1462 1355 ἀπολαβών
1490 1303 1605 1352 ἐντὸς
1619 1323 1660 1356 γ,
1679 1322 1745 1356 173

134 1368 266 1424 ταύτῃ
297 1363 657 1420 ἑμπολιορκὴσειν.
715 1363 765 1406 τοὶ
796 1367 876 1417 μὲν
903 1360 979 1407 οὖν
999 1370 1122 1407 πλοῖα
1153 1366 1329 1422 α’νήγετο
1358 1370 1401 1418 ἐς
1430 1368 1499 1411 τὸν
1533 1386 1606 1412 πο-

135 1433 271 1486 ταμὸν
301 1431 384 1474 α’πὸ
428 1433 602 1487 Βιδίνης
630 1433 705 1486 τῆς
747 1431 935 1487 πόλεως,
974 1434 1048 1474 καί
1083 1432 1244 1487 ἡμέρας
1277 1434 1397 1483 τινὰς
1439 1435 1607 1491 ἐκράτει

137 1504 259 1544 τοῦτο
295 1498 400 1542 κατὰ
450 1500 582 1541 ταῦτα
617 1497 670 1540 τὰ
717 1500 860 1553 χωρία
901 1500 980 1540 τοῦ
1008 1501 1211 1550 ποταμοῦ.
1272 1501 1292 1541 ὁ
1325 1503 1371 1543 δὲ
1401 1500 1608 1545 Παιόνων

76 1565 338 1623 Ωῡβασιλεύς
367 1564 770 1620 (ἐστρατοπεδεύετο
802 1563 884 1618 γὰρ
913 1564 988 1607 καί
1015 1565 1144 1613 αὐτὸς
1173 1567 1215 1615 ἐς
1248 1567 1326 1622 τὴν
1355 1569 1606 1624 καταντικρὺ

134 1634 284 1690 χώραν
321 1633 398 1675 τοῦ
429 1630 720 1686 Μπελογροὶδη
764 1632 1048 1686 στρατεύματι
1087 1635 1244 1690 πολλῷ)
1286 1635 1511 1690 πληρώσας
1538 1639 1651 1681 nain

235 1740 266 1773 1.
291 1743 374 1785 post.
399 1735 444 1782 ἢν
468 1749 549 1772 cum
578 1737 609 1771 Η
633 1737 738 1771 omisi
765 1737 816 1773 ἐν.

139 1849 304 1882 maxima.
353 1857 436 1880 nam
479 1845 607 1879 ducem
632 1845 877 1878 Triballorum
913 1845 1012 1879 haud
1043 1846 1211 1888 fallebat,
1241 1861 1278 1882 se
1303 1851 1478 1884 continuo
1501 1852 1604 1886 armis

140 1894 353 1932 Mechmetis
380 1892 652 1933 debellandum,
678 1892 741 1925 ubi
769 1893 924 1937 primum
965 1895 1002 1926 in
1025 1893 1225 1927 Turcorum
1251 1896 1432 1930 dicionem
1458 1899 1603 1943 Belgra·

139 1942 226 1976 dum
251 1941 519 1975 concessisset.r
557 1951 617 1973 rex
643 1940 753 1983 igitur
776 1938 923 1973 hostilia
952 1941 1090 1986 spirans
1129 1944 1346 1977 exercitibus
1372 1956 1449 1978 earn
1477 1946 1604 1980 urbem

138 1988 381 2023 circumsedit.
428 1993 484 2021 est
509 1992 630 2020 autem
667 1987 706 2020 in
729 1986 850 2020 medio
890 1994 1122 2034 utrorumque
1149 1989 1334 2025 fluminum
1361 1992 1525 2035 isthmus,
1551 1995 1604 2027 la-

139 2037 302 2071 titudine
326 2036 478 2069 maxime
504 2039 644 2080 septem
668 2033 878 2067 stadiorum.
928 2046 1011 2068 eum
1037 2036 1152 2069 locum
1181 2039 1305 2072 castris
1332 2041 1604 2084 permuniendis

140 2083 291 2128 delegit,
315 2083 486 2129 idemque
525 2081 651 2114 urbem
688 2082 941 2127 oppugnabat,
976 2082 1072 2116 haud
1099 2095 1238 2118 cessans
1266 2098 1405 2119 murum
1434 2088 1605 2122 bombar-

139 2131 265 2166 darum
291 2130 407 2175 globis
433 2139 614 2176 quassare.
680 2134 868 2174 praeterea
894 2131 1074 2174 peregrini
1111 2131 1246 2176 pluteis
1275 2137 1495 2179 praeparatis
1522 2147 1603 2169 mu-

139 2179 224 2220 niti,
249 2189 329 2212 eum
345 2178 508 2223 proxime
534 2175 580 2209 ad
604 2187 743 2209 murum
758 2176 965 2219 subiissent,
990 2179 1128 2222 sagittis
1147 2180 1335 2214 pannones
1361 2187 1484 2227 petere
1505 2182 1603 2217 haud

139 2225 441 2260 intermittebant.
491 2229 604 2257 castra
633 2224 722 2267 regis
749 2224 901 2256 maxima
931 2231 1044 2258 erant.
1111 2237 1171 2259 rex
1200 2234 1320 2261 autem
1349 2229 1543 2272 cogitabat,
1573 2231 1603 2263 si

139 2272 275 2307 flumen
300 2273 399 2306 solus
423 2270 608 2305 obtineret
635 2276 672 2304 et
696 2271 883 2304 Pannones
908 2272 1139 2317 prohiberet,
1163 2286 1209 2307 ne
1239 2287 1282 2309 ex
1308 2276 1422 2309 altera
1447 2277 1604 2311 fluminis

141 2321 220 2366 ripa
244 2320 331 2365 ipsis
357 2319 476 2353 aditus
512 2319 551 2352 in
590 2318 713 2351 urbem
749 2324 916 2364 pateret,
942 2331 980 2353 se
1008 2320 1147 2354 facilius
1187 2323 1351 2356 resistere
1377 2323 1540 2358 hostibus
1567 2331 1604 2359 et

139 2367 286 2402 tandem
311 2366 401 2400 urbe
429 2366 540 2411 potiri
563 2376 690 2410 posse:
723 2365 877 2411 proinde
914 2368 1027 2413 copiis
1051 2369 1241 2402 navalibus
1257 2395 1266 2410 ‚
1295 2381 1387 2416 quae
1415 2378 1517 2406 erant
1540 2383 1604 2418 per

140 2416 327 2458 regionem
349 2415 440 2447 Istro
466 2415 613 2446 affusam
639 2413 833 2458 dispersae,
863 2425 971 2448 naves
1009 2426 1102 2460 quae
1127 2423 1270 2461 praesto
1300 2424 1401 2451 erant
1426 2420 1602 2463 implevit.

139 2473 248 2495 naves
273 2466 394 2494 autem
417 2471 568 2494 numero
609 2466 711 2494 erant
733 2461 922 2494 ducentae.
979 2461 1033 2495 his
1058 2464 1170 2496 fretus
1207 2465 1414 2498 enitebatur
1437 2467 1603 2500 obtinere

139 2509 275 2542 flumen
299 2513 337 2541 et
365 2507 528 2541 inhibere
552 2507 753 2549 Pannones,
780 2520 825 2541 ne
851 2515 1001 2553 possent
1026 2511 1063 2542 in
1089 2510 1214 2543 urbem
1234 2513 1446 2556 transgredi.
1496 2526 1602 2560 prae-

141 2562 239 2590 terea
264 2565 344 2589 cum
372 2555 409 2588 in
435 2554 532 2588 hunc
549 2555 696 2588 modum
720 2566 740 2588 a
768 2556 919 2600 reliquis
952 2557 1202 2603 intercepisset
1231 2564 1268 2591 et
1305 2561 1406 2605 quasi
1433 2562 1601 2596 inclusis·

141 2601 436 2648 set‘oppidanos,
465 2601 510 2635 ad
535 2601 632 2634 urbis
661 2604 984 2648 oppugnationem,
1011 2615 1119 2649 quam
1149 2604 1290 2638 facilem
1316 2608 1367 2640 sic
1393 2607 1471 2642 sore
1494 2616 1604 2656 puta-

140 2649 217 2689 bat,
237 2650 324 2683 totis
351 2649 485 2682 viribus
511 2649 774 2693 accingebatur.
800 2661 907 2684 naves
927 2651 964 2683 iu
991 2650 1123 2684 flumen
1151 2651 1425 2688 deducebantur
1444 2656 1490 2690 ab
1515 2658 1604 2692 urbe
1628 2640 1641 2649 ᾗ

141 2697 281 2737 Bidina,
307 2701 346 2730 et
371 2696 513 2741 aliquot
536 2694 665 2730 diebus
691 2697 837 2739 flumen,
865 2697 966 2744 quod
990 2709 1069 2730 eam
1108 2699 1290 2743 regionem
1313 2704 1606 2747 praeterlabitur,

143 2744 288 2778 sortiter
314 2743 545 2777 obtinebant.
596 2749 632 2776 at
654 2744 862 2777 pannonum
891 2756 965 2786 rex,
992 2746 1056 2791 qui
1084 2757 1162 2779 cum
1187 2749 1323 2792 magnis
1351 2751 1465 2796 copiis
1492 2759 1606 2788 castra

143 2796 314 2837 posuerat
337 2792 375 2824 in
399 2790 544 2834 regione
573 2801 666 2835 quae
689 2801 730 2824 ex
751 2792 919 2837 opposito
947 2798 1033 2834 erat,
1059 2793 1177 2828 milite
1197 2796 1356 2841 complet
1375 2809 1484 2833 naves
1509 2802 1607 2846 opti-

224 2863 554 2908 Clmlcoconclylas.
1309 2871 1354 2905 27
