1774 3204
249 166 343 214 224
577 174 792 215 LAONici
843 175 1346 219 CHALCOCONDYLAE

248 270 394 322 οἴσειν,
427 273 496 311 καί
538 269 656 324 σφίσι
697 269 755 322 μη
789 273 831 312 ἐν
861 273 994 327 καλῷ,
1024 269 1138 313 οὔπω
1166 272 1226 314 ἔτι
1252 277 1581 330 κατεργασμένης
1607 279 1680 330 τῆς

249 336 412 388 α’ρχῆς,
443 334 682 386 ἀποβαίνειν
709 334 759 375 τά
789 334 1028 389 πράγματα.
1083 338 1288 390 ὑπέσχετο
1318 342 1483 392 μέντοι,
1512 341 1679 383 ἐπειδὰν

248 400 289 446 ἐς
317 398 388 451 τὴν
437 397 574 451 α’ρχην
599 402 903 453 παραγένηται,
935 401 1009 454 τήν
1039 417 1084 442 τε
1113 401 1233 442 πόλιν
1261 399 1518 460 οἷποδιδόναι,
1546 409 1617 447 καί
1643 405 1682 447 εἴ

247 479 285 503 τι
325 458 424 504 ἄλλο
465 462 694 516 ἐπιτήδειον
733 466 874 512 αυτοῖς
914 465 1041 506 οἴοιτο
1070 464 1242 517 ε”σεσθαι
1263 498 1274 518 ,
1301 466 1404 521 μήτε
1430 473 1502 510 τοῦ
1531 474 1680 518 λοιποῦ
1741 475 1774 514 {⁴²³

203 525 296 570 Do‘z'v
321 520 522 581 στερῆσαι
565 525 715 575 αὐτούς
758 544 866 570 ποτε.
922 530 1065 578 πείσας
1090 531 1167 581 μὲν
1205 528 1279 572 οὖν
1309 531 1398 574 τότε
1426 531 1741 590 vofig‘Fiaq-‘sff

245 607 317 637 νας
347 586 522 644 ἤλαυνεν
549 593 590 638 ἐς
623 589 669 631 τὸ
701 593 843 646 πρόσω
885 597 959 646 τῆς
990 594 1214 648 Εὐρώπης,
1242 595 1314 637 καί
1341 599 1606 650 προσεχώρει
1630 615 1674 640 τε

244 656 359 711 αὐτῷ
396 656 616 706 σύμπαντα
655 652 710 704 ὡς
752 660 922 708 βασιλεῖ’
947 673 990 698 τε
1034 654 1115 699 ὄντι
1155 663 1275 714 σφῶν
1315 664 1385 702 καί
1422 664 1677 715 Παιαζήτεω

126 719 366 760 vecanam?
409 722 622 777 γενομένῳ.
699 722 790 761 ε’πεί
839 724 884 763 δὲ
922 722 1173 776 Παιαζήτης
1212 719 1363 779 ᾔσθετο
1401 725 1568 767 ἐπιόντα
1610 728 1682 768 ἐπὶ
1725 740 1734 750 ¹

241 785 584 836 Ἀδριανούπολιν
616 785 883 838 (ἐπετρόπευε
914 789 960 828 δὲ
989 790 1060 841 τῆς
1088 787 1242 836 πόλεως
1279 792 1570 845 καταλειφθείς
1598 791 1678 832 ὑπὸ

242 851 477 901 ΙΙΙεχμέτεω
509 852 713 901 βασιλέως
739 853 808 890 ἐπί
834 854 883 907 τῇ
912 855 1081 908 τελευτῇ
1100 853 1280 908 αὐτοῦ),
1313 853 1530 908 συνήγειρε
1557 872 1601 896 τε
1629 855 1674 896 τὸ
1693 862 1734 895 10

241 913 321 953 α’πὸ
373 917 444 967 τῆς
472 914 676 968 Εὐρώπης
715 915 976 967 στράτευμα,
1028 917 1098 957 καί
1135 917 1298 971 ὑπήντα
1336 923 1394 976 τῷ
1433 923 1678 977 Μουσταφᾷ

241 974 375 1030 α’γχοῦ
401 980 472 1029 τῆς
502 978 904 1033 Ἀδριανουπὸλεως,
947 981 1003 1029 αἷς
1050 982 1117 1022 διὰ
1146 982 1286 1036 μάχης
1313 985 1578 1035 ἐλευσόμενος
1607 985 1680 1026 καὶ

240 1042 294 1095 μη
329 1045 568 1096 ἐπιτρέπων,
602 1039 651 1096 ἢν
679 1043 863 1094 δύναιτο,
893 1046 965 1085 ἐπὶ
990 1045 1041 1085 τὰ
1074 1049 1267 1097 βασίλεια
1299 1046 1565 1100 πορεύεσθαι.
1622 1047 1678 1096 ὥς

107 1117 141 1148 Ρ.
160 1109 385 1158 12Ομέντοι
428 1105 737 1158 συνταξάμενος
779 1108 922 1163 ἐπῄει,
975 1107 1013 1149 οἱ
1051 1113 1226 1163 Τοῦρκοι
1268 1107 1340 1150 οὖν
1369 1112 1518 1152 αὐτίκα
1547 1109 1676 1168 ᾔεσαν

240 1169 329 1221 ἅμα
358 1170 511 1219 πάντες
556 1171 626 1212 ε’πί
650 1171 721 1213 τὸν
750 1175 1020 1227 Μουσταφᾶν
1059 1176 1130 1214 καί
1166 1176 1444 1226 προσεκύνουν
1473 1174 1529 1224 ὥς
1555 1181 1732 1229 βασι-15

239 1238 324 1287 λέα,
354 1238 425 1276 καί
457 1233 581 1283 αὐτός
611 1252 654 1276 τε
684 1236 932 1290 Παιαζήτης
969 1237 1246 1291 προσεκύνησε
1275 1241 1345 1279 καί
1372 1240 1420 1280 τὰ
1453 1240 1675 1292 πράγματα

238 1301 465 1351 παρεδίδου
495 1302 548 1356 τῷ
577 1303 822 1357 Μουσταφᾷ
844 1333 854 1350 ,
884 1303 1072 1354 χρῆσθαι
1102 1304 1242 1350 αυ’τοῐς
1270 1302 1293 1342 ὅ
1321 1320 1360 1344 τι
1388 1301 1439 1344 ἄν
1467 1303 1674 1357 βούλοιτο.

239 1367 388 1405 τοῦτον
411 1366 489 1416 μὲν
522 1360 596 1405 οὖν
633 1365 773 1417 λαβών
819 1367 969 1407 αὐτίκα
1001 1368 1134 1406 αὐτοῦ
1172 1367 1448 1423 διεχρήσατο,
1477 1369 1548 1410 καὶ
1575 1370 1678 1410 οἷπε-

239 1429 399 1470 λαύνων
440 1427 514 1481 τήν
539 1445 584 1469 τε
624 1430 743 1470 πόλιν
771 1429 867 1482 ἔσχε
915 1433 986 1470 καί
1011 1432 1080 1471 ἐπί
1119 1430 1167 1471 τά
1201 1431 1394 1483 βασίλεια
1422 1435 1678 1486 παρεγένετο.

238 1492 341 1545 μετὰ
384 1496 429 1535 δὲ
473 1496 608 1534 ταῦτα
655 1501 913 1549 συστραφεῖς
951 1494 1032 1536 ἵετο
1072 1495 1143 1536 ἐπὶ
1172 1495 1246 1549 τήν
1274 1497 1434 1549 Ἀσίαν,
1471 1495 1575 1555 αῗστε
1607 1499 1731 1538 xm'20

238 1557 310 1612 τὴν
337 1559 406 1612 τῆς
430 1558 572 1606 Ἀσίας
611 1562 829 1609 βασιλείαν
857 1557 992 1615 ἑαυτῷ
1033 1559 1398 1615 προσκτησάμενος.
1455 1561 1606 1615 διαβάς
1637 1565 1675 1603 δ’

1748 458 1774 523 ,ὒῖ

242 1715 446 1748 advenienti
472 1716 682 1760 Mustaphae
709 1716 968 1758 Chersonesus;
999 1723 1034 1750 et
1059 1718 1156 1750 illico
1182 1729 1262 1751 eum
1288 1730 1403 1763 regem
1426 1721 1674 1762 consalutavit,

241 1769 277 1795 et
310 1773 522 1807 quocunque
556 1762 735 1802 duxisset,
763 1763 1023 1807 promptissnme
1056 1765 1307 1808 sequebantur.
1364 1766 1570 1811 Callipolim
1606 1768 1674 1800 sibi

242 1808 331 1841 tradi
359 1808 564 1852 postulabat
591 1809 805 1841 Graecorum
842 1821 913 1841 rex.
952 1810 1156 1854 Mustaphas
1193 1818 1336 1854 paratus
1377 1818 1453 1845 erat
1479 1824 1555 1845 eam
1589 1813 1672 1846 dare

241 1866 306 1887 nec
332 1855 499 1886 abnuere.
551 1855 657 1887 Turci
687 1866 758 1886 rem
784 1856 886 1886 istam
910 1855 1042 1899 iniquis
1083 1858 1311 1900 patiebantur
1335 1859 1460 1891 animis
1477 1882 1486 1898 ,
1508 1870 1586 1891 cum
1610 1871 1673 1904 pa-

242 1911 317 1932 rum
342 1900 530 1932 honestum
565 1901 632 1932 sibi
670 1901 744 1932 fore
781 1900 1059 1941 arbitrarentur,
1085 1914 1191 1944 regno
1227 1903 1385 1936 nondum
1411 1906 1496 1937 satis
1524 1906 1673 1946 firmato,

242 1946 363 1978 urbem
388 1947 495 1978 talem
523 1947 666 1978 Graecis
702 1946 845 1978 donare.
902 1953 1084 1990 praeterea
1120 1949 1158 1981 in
1186 1949 1294 1982 dubio
1335 1950 1450 1982 adhuc
1478 1962 1564 1991 esse,
1591 1962 1670 1983 cum

243 2003 384 2035 regnum
413 1991 569 2024 nondum
598 1993 682 2024 satis
708 1994 754 2024 sit
772 1993 957 2034 munitum,
987 2004 1140 2037 quonam
1165 2006 1218 2027 res
1243 2002 1431 2040 erupturae
1459 1997 1539 2031 siut.
1590 1999 1672 2041 pol-

242 2038 418 2070 licebatur
443 2039 564 2082 itaque
591 2039 732 2071 Graecis
758 2049 829 2078 rex,
861 2049 938 2070 cum
968 2039 1004 2070 in
1031 2050 1173 2082 regnum
1198 2043 1364 2082 venisset,
1392 2053 1428 2073 se
1453 2039 1537 2086 ipsis
1561 2043 1672 2075 tradi-

242 2090 358 2117 turum
383 2084 610 2128 Callipolim:
646 2090 830 2127 praeterea
869 2086 896 2116 si
923 2085 1060 2129 aliquid
1093 2085 1212 2126 aliud,
1250 2088 1346 2131 quod
1386 2087 1453 2120 sibi
1481 2089 1568 2120 utile
1594 2089 1671 2121 fore

241 2135 417 2175 putarent,
441 2130 720 2174 postulaverint,
759 2141 818 2162 eos
847 2141 953 2174 porro
979 2131 1075 2163 haud
1100 2133 1274 2176 repulsam
1303 2144 1478 2177 passuros.
1529 2134 1671 2167 Graecis

241 2177 278 2209 in
303 2176 398 2208 hunc
432 2175 572 2208 modum
609 2176 782 2220 persuasis
805 2181 898 2208 recta
923 2177 959 2208 in
993 2177 1165 2221 Europam
1193 2179 1386 2211 contendit.
1435 2190 1537 2224 quem
1562 2180 1671 2213 adve-

240 2223 397 2255 nientem
422 2233 540 2254 omnes
568 2227 606 2253 ut
633 2232 747 2265 regem
773 2227 808 2254 et
835 2222 994 2254 Paiazitis
1023 2223 1135 2255 filium
1163 2225 1398 2268 excipiebant,
1429 2226 1577 2270 eiusque
1602 2227 1672 2259 im-

240 2270 340 2313 perio
376 2279 412 2300 se
447 2267 717 2301 submittebant.
769 2278 846 2299 cum
882 2268 1051 2300 Paiazites
1097 2276 1313 2312 compertum
1354 2270 1502 2304 haberet
1534 2273 1671 2305 Musta-

240 2314 344 2358 pluam
374 2314 638 2358 Adrianopolim
677 2323 822 2358 pergere
853 2313 989 2358 (urbem
1025 2315 1118 2347 enim
1155 2315 1258 2349 istam
1292 2317 1434 2360 regebat
1465 2318 1561 2350 iussu
1593 2319 1671 2350 Me-

239 2360 396 2400 chmelis,
422 2361 479 2404 qui
521 2360 670 2392 moriens
705 2359 743 2391 id
775 2359 808 2391 ei
838 2359 1036 2406 mandarat)
1077 2362 1231 2394 exercitu
1267 2373 1310 2395 ex
1342 2363 1482 2408 Europa
1523 2373 1672 2406 congre-

239 2412 318 2448 gato
369 2406 509 2438 obviam
560 2406 730 2449 processit
773 2405 982 2450 Mustapliae
1024 2417 1128 2450 quarn
1179 2410 1337 2451 proxime
1378 2408 1670 2454 Adri-ariopolim,

239 2453 339 2496 quasi
368 2458 587 2496 pugnaturus
604 2476 612 2490 ‚
638 2462 704 2483 nec
738 2451 987 2495 permissurus,
1023 2453 1052 2484 si
1090 2458 1208 2485 tantae
1234 2455 1323 2488 vires
1347 2455 1507 2496 fuissent,
1531 2466 1611 2488 eum
1634 2457 1671 2488 in

240 2499 337 2541 regni
375 2498 492 2530 sedem
535 2497 737 2541 procedere.
799 2507 877 2528 cum
915 2497 1121 2542 Mustaphas
1158 2500 1295 2541 agmine
1342 2502 1534 2545 composito
1571 2512 1671 2534 acce-

239 2544 359 2583 deret,
383 2545 488 2576 'l'urci
515 2543 701 2576 confestim
730 2553 850 2576 omues
886 2542 930 2575 ad
965 2544 1186 2588 Mustapham
1231 2547 1475 2579 transitionem
1510 2547 1671 2588 faciunt,

240 2601 390 2634 eumque
428 2596 466 2622 ut
505 2601 617 2632 regem
658 2588 817 2621 adorant.
873 2595 1055 2633 praeterea
1093 2590 1263 2623 Paiazites
1299 2594 1508 2636 provolutus
1540 2592 1671 2637 aid-ge-

239 2647 309 2667 nua
340 2635 549 2679 Mustaphae
584 2647 663 2667 euin
690 2640 731 2667 ut
757 2645 870 2678 regem
894 2635 1075 2675 adoravit,
1121 2647 1247 2681 resque
1284 2638 1397 2671 eidem
1434 2637 1603 2679 tradidit,
1633 2644 1672 2672 ut

238 2693 302 2725 pro
328 2693 390 2714 suo
417 2682 562 2714 arbitrio
592 2686 719 2725 ageret.
769 2680 863 2714 huuc
888 2682 1059 2715 continuo
1089 2685 1207 2716 necari
1228 2685 1350 2728 iussit3
1379 2685 1581 2729 ducensque
1608 2695 1671 2717 ex-
