1858 3210
723 187 1064 230 HlSTORlCUS.
1527 186 1589 230 58
1598 189 1618 229 1

204 293 287 334 470,
326 293 359 325 7.
425 288 644 323 Mecbmetes
677 289 851 333 Zaganum

198 341 410 374 Thessaliae
432 343 470 371 et
480 337 731 382 Peloponneso
750 347 852 381 prae-

202 389 291 422 fecit
315 385 398 426 471,
414 385 448 418 3.
499 385 563 429 qui
589 383 759 416 Achaiam
783 383 852 415 ho-

200 435 335 468 stiliter
359 434 536 476 ingressus
564 435 619 463 est
645 431 695 463 ib.
717 429 754 463 4.
803 430 852 462 M.

201 483 280 528 ipse
294 480 489 514 exercitum
501 477 605 510 duxit
619 484 740 510 contra
753 476 854 510 Tho-

198 538 292 562 mam
321 527 357 559 in
396 527 684 570 Peloponnesum
709 523 792 565 472,
820 523 853 556 5.

200 573 440 620 Peloponnesi
487 572 591 604 urbes
636 573 669 604 in
694 576 854 615 potesta·

171 642 177 646 -
202 628 275 657 tem
300 621 438 664 accepit
473 619 564 659 475,
594 619 647 652 17.
682 618 771 659 479,
799 617 854 650 13.

199 667 284 711 480,
311 669 343 703 3,
383 666 465 702 483.
503 665 536 699 6.
590 677 668 698 cnm
706 666 854 698 Venetis

202 716 348 749 foedera
374 716 458 747 iniit
487 712 568 752 478,
594 712 628 746 9.
679 714 852 756 laganum

200 763 237 796 in
266 762 514 807 Peloponneso
543 760 688 806 reliquit
702 758 853 799 484,st

199 811 359 844 Athenas
388 809 494 854 petiit
530 806 611 847 483,
639 807 670 840 7.
725 808 854 839 Deme-

201 858 308 891 trium
349 857 448 889 Aeno
497 855 672 899 praefecit
706 854 756 886 ib.
800 854 854 887 17.

206 903 558 937 Εταηευιηΰοοοῐίαε
573 902 771 946 principem
797 902 856 933 in-

202 951 315 984 terfici
342 951 444 983 iussit
477 949 526 981 ib.
557 949 613 982 22.
652 948 855 981 Hadriano-

198 999 309 1044 polim
333 997 499 1043 pervenit
513 996 732 1028 Demetrium
750 996 856 1041 prin-

200 1045 315 1090 cipem
353 1055 422 1076 una
460 1054 539 1075 cum
583 1054 692 1075 uxore
734 1054 854 1076 secum

199 1091 335 1125 ducens
363 1091 444 1131 484,
479 1090 509 1123 7.
567 1091 604 1122 in
638 1090 731 1134 regia
770 1090 855 1123 sede

205 1145 364 1172 versatus
402 1143 455 1171 est
478 1135 560 1176 485,
587 1137 621 1168 4.
693 1136 855 1170 Thomae

203 1186 360 1230 legatum
392 1187 429 1218 in
455 1184 597 1217 vincula
624 1185 780 1217 coniecit
806 1184 855 1216 ib.

204 1233 258 1267 10.
309 1232 494 1266 Ismaelem
522 1231 712 1264 Scenderis
741 1231 855 1264 filium

202 1280 349 1313 adortus
376 1285 430 1312 est
454 1279 503 1311 ib.
530 1278 583 1312 16.
634 1279 770 1323 Sinope
797 1290 856 1311 ac-

199 1333 302 1372 cepta
315 1327 456 1360 Ismaeli
471 1324 756 1371 Philippopolim
770 1337 856 1358 con-

202 1378 309 1407 cessit
334 1374 418 1414 488,
440 1374 493 1406 13.
543 1384 670 1406 navem
700 1373 855 1405 fabrica-

204 1422 258 1454 vit
285 1421 462 1454 doliorum
490 1422 597 1454 trium
630 1421 770 1452 milium
795 1432 854 1453 ca-

202 1467 326 1514 pacem
354 1467 438 1509 489,
472 1469 530 1502 21.
590 1468 627 1500 in
657 1467 854 1500 Chasanem

201 1517 360 1560 Longum
399 1521 436 1548 et
475 1515 710 1560 Trapezuntis
738 1526 855 1559 regem

204 1574 299 1595 arma
326 1564 435 1596 vertit
460 1561 543 1604 490,
568 1562 603 1595 8.
654 1573 735 1594 cum
759 1560 855 1598 Cha-

203 1618 290 1643 sane
318 1620 442 1654 pacem
465 1610 663 1654 composuit
690 1608 774 1650 491,
800 1609 854 1642 19.

202 1657 468 1702 Trapezuntem
497 1656 642 1690 obsedit
669 1661 705 1689 et
731 1657 769 1689 in
797 1657 855 1689 di-

203 1705 344 1738 cionem
371 1703 507 1748 redegit
527 1702 609 1744 494,
635 1704 667 1737 7.
717 1704 854 1747 Trape-

204 1752 322 1784 zuntis
358 1762 476 1795 regem
505 1750 674 1783 Davidem
710 1750 861 1783 Hadria·

206 1798 371 1843 nopolim
414 1798 494 1830 duci
540 1799 644 1831 iussit
684 1796 768 1838 496,
805 1798 860 1831 14.

206 1845 472 1890 Trapernntem
489 1846 526 1877 in
542 1850 659 1890 partes
673 1844 862 1878 distribuit

204 1891 288 1934 497,
305 1892 339 1924 3.
391 1891 530 1924 Davide
546 1903 627 1936 rege
643 1893 860 1935 interempto

205 1940 284 1972 eius
309 1940 417 1971 filiam
442 1940 480 1972 in
506 1939 708 1972 cubiculum
740 1950 861 1971 accer-

204 1986 288 2020 sivit
314 1986 364 2019 ib.
394 1986 444 2018 11.
478 1985 586 2019 mado
603 1986 733 2018 Daciae
759 1987 859 2031 prin-

205 2034 275 2078 cipi
293 2039 298 2042 ”
314 2033 465 2066 insidias
505 2033 636 2066 struxit
670 2033 736 2066 501
753 2058 762 2074 ,
805 2033 859 2066 12.

207 2091 287 2113 eum
317 2081 356 2113 in
380 2081 499 2123 fugam
529 2081 686 2114 coniecit
711 2085 748 2113 et
774 2091 858 2126 per-

208 2134 351 2160 secutus
377 2133 431 2161 est
454 2128 535 2168 512,
557 2125 589 2161 7.
618 2127 698 2167 513,
723 2126 756 2159 3.
782 2128 859 2160 eius

203 2176 385 2219 regionem
415 2175 558 2218 subegit
582 2175 663 2214 517,
684 2174 737 2206 11.
788 2175 857 2208 Le-

203 2221 305 2255 sbum
345 2221 486 2265 subegit
517 2222 597 2264 519,
641 2222 672 2254 7.
706 2221 788 2261 523,
826 2222 857 2254 1.

201 2267 283 2309 524,
308 2269 367 2302 22.
393 2269 472 2309 526,
504 2270 534 2301 1.
600 2269 857 2311 Mitylenarum

202 2317 296 2349 cives
321 2317 359 2349 in
377 2316 589 2350 tresdivisit
614 2322 737 2362 partes
763 2316 854 2349 ib.5.

201 2362 370 2396 Lesbium
415 2364 615 2408 principem
663 2375 734 2396 una
776 2375 855 2396 cnm

204 2409 420 2443 consobrino
455 2411 564 2444 Lucio
601 2411 638 2444 in
678 2421 855 2443 carcerem

203 2458 303 2490 misit
329 2457 410 2496 528,
438 2457 468 2488 1.
491 2458 547 2491 13.
599 2459 758 2501 Byzantii
777 2470 855 2490 ver-

205 2510 300 2537 satus
332 2505 376 2536 ad
404 2503 504 2537 urbis
533 2510 570 2538 et
592 2505 723 2538 Euxini
749 2506 855 2538 maris

202 2550 452 2584 defensionem
495 2553 608 2584 multa
647 2563 756 2596 opera
781 2564 855 2584 ma-

203 2598 330 2642 gnifica
357 2598 514 2632 confecit
539 2598 620 2640 529,
649 2598 682 2632 6.
718 2599 855 2632 bellum

203 2650 327 2677 contra
355 2645 512 2678 Venetos
546 2647 684 2690 paravit
714 2646 796 2687 530,
822 2645 854 2679 9.

204 2691 347 2734 Illyrios
372 2692 470 2724 bello
499 2693 677 2725 lacessivit
700 2692 781 2733 530,
801 2692 854 2725 14.

205 2738 285 2779 532,
314 2738 368 2771 12.
394 2738 476 2778 535,
507 2738 559 2771 14.
619 2751 770 2784 quorum
797 2751 855 2772 re—

205 2797 282 2830 gem
308 2797 376 2819 una
408 2797 487 2819 cum
515 2787 632 2819 fratris
665 2786 740 2819 filio
770 2787 856 2820 fecit

967 290 1148 334 captivum
1174 289 1255 330 539,
1279 291 1332 323 15.
1352 290 1432 331 542,
1450 288 1504 323 14.
1531 290 1622 323 San-

972 337 1064 369 dalis
1081 338 1261 382 regionem
1277 339 1451 371 evustavit
1468 337 1548 377 543,
1566 339 1619 370 11.

966 384 1115 423 Stantis,
1143 385 1255 418 Craici
1283 391 1320 418 et
1343 386 1440 418 Pauli
1459 386 1623 428 regiones

967 431 1006 463 in
1047 431 1227 464 dicionem
1263 432 1403 476 redegit
1441 431 1522 472 543,
1566 431 1621 464 19.

967 478 1193 519 Illyricorum
1230 491 1347 522 regem
1372 481 1491 512 necari
1517 480 1624 512 iussit

967 523 1047 564 544,
1077 524 1129 558 14.
1180 527 1353 571 praefecti
1386 527 1474 570 regii
1500 527 1536 559 in
1561 526 1623 559 Pe—

969 571 1170 616 loponneso
1199 574 1236 606 in
1254 575 1477 606 Venetorum
1503 573 1624 615 regio-

970 631 1048 650 nem
1079 620 1243 653 fecerunt
1278 622 1515 654 incursionem
1539 618 1622 659 445,

970 665 1000 697 1.
1033 665 1087 699 10.
1139 679 1218 700 cum
1248 668 1396 701 Venetis
1425 679 1624 711 eorumque

969 714 1074 745 sociis
1092 713 1324 748 pannonibus
1343 715 1480 748 bellum
1507 720 1625 748 ortum

970 765 1024 792 est
1049 761 1131 799 555,
1156 763 1189 796 2.
1221 763 1274 795 15.

923 805 1119 845 οὐλάκιδες
1145 810 1235 852 regis
1259 810 1400 843 Turcici
1429 820 1626 854 praecones

969 853 1048 893 504,
1077 854 1130 886 19.

922 901 1036 934 Padus
1064 902 1098 933 ss.
1126 902 1205 941 288.
1233 901 1287 936 16.

925 948 1092 992 Pagdatia
1123 950 1314 992 Babylonis
1345 951 1428 984 urbs
1453 950 1536 993 379,
1563 952 1598 985 9.

922 995 1150 1040 Paiampures
1179 996 1259 1037 166,
1287 997 1329 1030 15
1370 998 1448 1036 168,
1478 999 1531 1031 11.

922 1044 1134 1086 Paiangures
1148 1044 1301 1077 Temiris
1329 1045 1351 1077 f.
1381 1045 1458 1085 165,
1478 1046 1532 1079 17.
1560 1046 1626 1079 Sa-

970 1090 1126 1123 chrucho
1148 1092 1255 1124 fratre
1269 1098 1410 1125 mortno
1437 1104 1546 1137 regno
1562 1105 1629 1138 po-

971 1138 1057 1170 titus
1085 1145 1137 1172 est
1165 1138 1242 1180 166,
1269 1137 1300 1171 7.
1362 1140 1439 1173 eius
1478 1141 1544 1173 filii
1572 1140 1624 1173 ib.

924 1231 1138 1275 Paiangures
1175 1233 1379 1276 Paianguris
1417 1233 1443 1266 f.
1479 1233 1627 1268 Tzokiis

970 1279 1081 1312 frater
1108 1279 1184 1320 166,
1213 1280 1269 1312 20.

926 1326 1098 1359 Paiazites
1125 1338 1155 1358 v.
1181 1327 1433 1360 Otomanidae.

923 1374 1093 1407 Paiazites
1130 1374 1239 1406 iudex
1277 1380 1314 1408 et
1349 1374 1422 1407 dux
1461 1375 1624 1420 Europae

968 1421 1049 1460 221,
1078 1420 1131 1454 19.
1160 1420 1241 1461 224,
1274 1421 1326 1455 18.

923 1468 1102 1512 Paitogles
1113 1468 1300 1514 Callipolis
1326 1468 1530 1514 praefectus
1543 1468 1624 1510 519,

925 1561 1143 1606 Palaeologi.

923 1609 1147 1643 Andronicus
1171 1607 1215 1640 11.
1259 1620 1338 1641 cum
1377 1614 1510 1653 nepote
1550 1609 1628 1642 An-

970 1656 1117 1690 dronico
1144 1655 1188 1688 de
1201 1656 1360 1697 Byzantii
1397 1667 1508 1699 regno
1536 1657 1628 1700 gerit

970 1703 1177 1736 inimicitias
1204 1703 1258 1743 17,
1283 1702 1317 1736 9.
1374 1709 1498 1736 contra
1531 1705 1627 1737 Tur-

974 1763 1029 1784 cas
1079 1752 1227 1783 accersit
1249 1751 1375 1783 italos
1416 1756 1453 1784 et
1497 1751 1628 1783 Tarra-

975 1809 1083 1831 cones
1121 1796 1176 1835 18,
1213 1796 1266 1829 19.
1317 1809 1407 1842 quos
1435 1809 1505 1830 una
1545 1810 1625 1831 cum

972 1846 1171 1878 Turcarum
1218 1846 1408 1889 transfugis
1444 1845 1512 1878 sibi
1539 1846 1627 1879 facit

973 1892 1135 1924 inimicos
1163 1891 1220 1931 20,
1252 1891 1282 1922 1.
1419 1923 1422 1926 ,

927 1939 1082 1972 Michael
1109 1936 1358 1971 Andronicill.
1386 1938 1409 1970 f.
1439 1938 1492 1971 17.
1524 1937 1576 1973 14.

926 1985 1152 2019 Andronicus
1179 1984 1238 2018 111.
1279 1996 1358 2018 cum
1393 1996 1459 2018 avo
1486 1986 1628 2020 Andro·

973 2035 1054 2066 nico
1074 2032 1117 2066 11.
1151 2031 1196 2065 de
1222 2033 1380 2075 Byzantii
1412 2043 1520 2076 regno
1547 2045 1626 2077 ges-

973 2081 1018 2113 sit
1051 2080 1258 2113 inimicitias
1288 2079 1348 2119 17,
1387 2080 1419 2113 9.
1459 2080 1531 2122 22,
1572 2080 1628 2113 13.

973 2128 1048 2160 filio
1083 2127 1210 2160 Ioanni
1239 2127 1530 2161 Cantacuzenum
1562 2133 1623 2162 tu-

971 2180 1086 2208 torem
1115 2175 1309 2218 assignavit
1333 2173 1391 2213 24,
1419 2174 1472 2208 10.

924 2223 1077 2255 Ioannes
1112 2222 1153 2254 V.
1195 2222 1289 2254 filios
1322 2221 1450 2254 habuit
1486 2221 1630 2256 Andro—-

970 2270 1100 2309 nicum,
1117 2270 1351 2309 Demetrium,
1383 2270 1624 2310 Emannelem,

968 2316 1202 2350 Theodorum
1238 2315 1308 2357 38,
1351 2317 1405 2350 12.
1489 2316 1625 2349 Canta-

970 2375 1142 2397 cuzenum
1166 2369 1320 2397 tutorem
1352 2375 1459 2407 reguo
1487 2364 1629 2408 expulit

969 2410 1027 2452 24,
1062 2410 1117 2444 10.
1140 2411 1198 2452 25,
1228 2413 1260 2446 1.
1284 2412 1317 2445 5.
1347 2410 1405 2451 37,
1430 2410 1463 2444 8.
1488 2409 1545 2452 49,
1570 2410 1627 2444 21.

970 2469 1049 2491 cuin
1069 2461 1236 2491 Amurate
1247 2457 1272 2490 l.
1298 2458 1505 2491 societatem
1536 2469 1626 2491 con-

970 2506 1095 2545 traxit,
1121 2505 1273 2550 filioque
1300 2505 1506 2538 Andronico
1543 2506 1624 2548 My-

938 2584 947 2599 ·
973 2553 1102 2585 sion-um
1123 2554 1213 2596 regis
1234 2553 1342 2585 filiam
1359 2551 1462 2584 dedit
1479 2564 1623 2586 uxorem

968 2599 1026 2640 38,
1054 2600 1086 2632 7¹.
1134 2606 1256 2632 contra
1283 2601 1418 2633 'furcas
1445 2601 1622 2644 petiturus

971 2646 1146 2678 auxilium
1181 2648 1218 2679 in
1256 2648 1394 2680 ltaliam
1430 2647 1623 2692 navigavit,

968 2698 1158 2738 postquam
1170 2693 1374 2727 Andronico
1388 2694 1463 2726 filio
1476 2706 1623 2738 regnum

969 2741 1150 2773 commisit
1169 2741 1225 2781 50,
1243 2741 1276 2773 2.
1302 2741 1492 2774 Venetiisa
1507 2742 1622 2774 credi-

971 2787 1107 2821 toribus
1121 2794 1280 2822 retentus
1293 2794 1347 2822 est
1358 2789 1404 2822 ib.
1421 2789 1474 2823 15.
1486 2789 1621 2833 Byzan-
