1884 3178
497 190 568 228 DE
610 188 780 232 REBUS
819 185 1072 227 TURClClS
1114 186 1158 224 L.
1191 187 1262 225 111.
1495 176 1585 220 117

127 291 296 344 γένοιτο,
325 291 400 330 καί
428 287 482 328 σύ
525 283 651 329 οἶσθα
693 287 766 327 καί
790 283 938 334 πάντες
979 279 1096 325 οὗτοι
1127 282 1164 325 οἱ
1192 279 1486 336 συμπαρόντες
1516 298 1590 323 συ-

128 355 284 410 νίσασι,
309 353 386 396 καί
416 355 473 403 ὥς
503 352 716 395 πάντατά
750 350 908 405 ἔσχατα
950 351 1267 403 ὑποδυόμενος,
1310 346 1415 391 ὥστε
1446 348 1514 391 σοι’
1543 344 1593 388 εὖ

129 424 326 477 γενέσθαι
347 419 505 462 ὁτιοῦν.
540 421 614 462 καί
629 419 851 473 τραύματα
874 419 919 459 δὲ
942 416 1057 459 ἔστιν
1079 418 1183 458 ἰδεῖν
1212 414 1289 458 ὅσα
1322 415 1464 469 λαβών
1494 415 1595 456 οὐδὲ

130 487 297 529 πώποτε
325 485 631 542 ὗπελογιζόμην
663 483 796 526 δεινὸν
824 482 902 538 πρὸ
934 485 1010 525 τοῦ
1037 484 1307 537 χαρίζεσθαι.
1341 484 1381 524 εἰ
1409 484 1455 524 δέ
1485 483 1635 523 §orave

96 553 277 596 δὸτιοῦν
307 553 410 608 ἡμῖν
439 555 674 607 εἰρημένον,
709 551 785 592 ουίι
818 550 962 607 ἀγαθῇ
994 549 1104 606 τύχῃ
1136 551 1224 590 δέοι
1255 545 1307 590 ἂν
1336 547 1394 603 μὴ
1422 550 1597 602 χαρίζε-

130 623 235 662 σθαι
281 626 367 668 τοῖς
409 617 678 674 ἐπιτηδείοις,
723 615 799 672 ὕφ’
848 610 909 658 ὧν
947 614 1112 669 μεγάλα
1152 610 1202 656 εὖ
1245 613 1466 663 πεπονθώς
1496 612 1596 667 εἴης.

129 688 264 729 ἐκεῖνο
295 685 374 740 δή,
415 686 607 740 βασιλεῦ’,
651 685 856 740 ἰδιωτὲρῳ
895 684 975 735 μὲν
1009 675 1098 723 ὄντι
1127 680 1365 738 τάνθρώπῳ
1409 681 1459 721 ου’
1488 680 1599 720 πάνυ

130 769 172 795 τι
199 753 460 805 ἐμπεδοῖντο
506 751 580 792 καί
618 746 777 792 ἑαυτοῦ
817 751 924 804 βίον.
983 749 1156 791 ἐπειδὰν
1195 749 1242 790 δέ
1271 763 1337 789 σοι
1370 746 1416 788 τὸ
1452 741 1601 800 ἄρχειν

129 816 283 872 ἑτέρως
311 816 531 874 α’φύιηται,
557 815 649 858 τότε
680 813 731 870 δὴ
763 817 814 857 ου’
828 814 1006 868 θεμιτὸν
1037 810 1066 870 ᾖ
1094 816 1337 868 παραβῆναι
1368 813 1411 855 εἴ
1435 830 1472 854 τι
1500 828 1602 854 συν-

78 892 120 927 10
132 887 268 927 έθετο.
326 884 400 925 καί
428 882 530 939 ἡμῖν
561 880 582 923 ὃ
612 882 713 930 θεὸς
742 881 875 924 πολλὰ
900 879 1043 936 α’γαθά
1070 881 1303 934 παρέχεται
1322 880 1392 920 διὰ
1422 877 1466 920 τὸ
1496 894 1599 931 συγ-

131 951 299 1007 γνώμην
326 949 464 1004 ἴσχειν
505 956 590 999 τοῖς
639 947 1005 1003 ἐξαμαρτάνουσιν
1035 949 1077 998 ἐς
1121 947 1230 1000 ἡμᾶς
1257 945 1414 987 ὁτιοῦν.
1475 941 1523 999 ἢν
1555 946 1601 984 δέ

129 1033 205 1071 μοι
233 1019 308 1059 καί
341 1017 499 1072 ταύτην
539 1018 863 1073 παραιτουμένῳ
906 1016 1112 1069 χαρίσαιο
1158 1012 1233 1068 τὴν
1264 1013 1500 1066 ἁμαρτίαν,
1530 1012 1604 1051 καί

131 1087 260 1126 πλείω
290 1081 451 1126 τούτων
480 1099 548 1126 σοι
585 1084 744 1137 γένοιτο
781 1080 966 1136 α’γαθά.”
1023 1083 1159 1122 ταῦτα
1188 1082 1318 1134 λέγων
1349 1080 1424 1119 οιῖκ
1455 1076 1600 1120 ἔπειθε

131 1150 344 1206 φάσκοντα
382 1151 471 1192 δεῖν
514 1149 763 1204 συγγνώμην
802 1147 940 1202 ἴσχειν
977 1142 1038 1197 οἷς
1079 1143 1131 1188 ἂν
1172 1146 1231 1201 μὴ
1281 1142 1452 1188 ἑκούσια
1491 1140 1598 1201 ᾗτὰ

78 1216 439 1272 15ἆμαρτὴματα.
498 1218 587 1264 πῶς
617 1217 653 1257 δ’
683 1212 736 1256 ἂν
763 1212 941 1266 σώζοιτο
975 1210 1090 1270 αὐτῷ
1125 1213 1147 1268 ἡ
1179 1212 1302 1268 τύχη,
1331 1211 1389 1266 μὴ
1420 1212 1495 1253 τὸν
1524 1211 1644 1253 οἷν-(3

132 1285 306 1325 τύιαλον
339 1284 606 1340 διωσαμένῃς
637 1283 771 1324 ταῦτα
798 1279 926 1323 εἰπών
947 1277 1019 1322 τόν
1036 1297 1079 1322 τε
1100 1283 1301 1335 ,Μυρξίην
1331 1276 1602 1332 διεχρήσατο,

133 1349 206 1390 καὶ
237 1350 406 1390 ἐπένθει
444 1348 573 1390 αὐτὸν
614 1348 797 1405 δημοσίᾳ
842 1348 914 1388 ἐπὶ
940 1344 1098 1400 συχνόν
1127 1363 1221 1388 τινα
1252 1344 1422 1401 χρόνον,
1452 1341 1603 1398 θάψας

132 1417 377 1468 βασιλικῶς.

247 1476 372 1523 Μετὰ
404 1482 450 1523 δὲ
477 1482 613 1523 ταῦτα
639 1476 955 1534 εἠἰὙρκανοὺς
975 1477 1250 1534 ἐστρατεύετο
1270 1476 1344 1520 καί
1364 1477 1441 1532 τήν
1470 1476 1600 1534 ταύτῃ

76 1558 122 1593 20
135 1544 370 1600 θάλασσαν,
403 1549 477 1589 καί
506 1546 610 1603 ἔθνη
626 1562 670 1588 τε
692 1547 767 1588 οὐκ
798 1546 918 1601 ὀλίγα
947 1548 989 1596 ἑς
1018 1544 1095 1602 τὴν
1111 1545 1337 1587 θάλασσαν
1360 1544 1482 1598 τήνδε
1506 1543 1602 1598 Ὑρ-

133 1615 283 1656 κανίαν
310 1616 554 1657 ἐνοικοῦντα
595 1613 786 1669 παράλια
831 1615 1152 1669 κατεστρέφετο.
1226 1613 1384 1666 λέγεται
1417 1612 1462 1651 δὲ
1493 1607 1602 1663 αὕτη

228 1721 262 1754 ¹-
291 1723 492 1758 συνίσουσι
518 1721 543 1755 Ρ
674 1719 727 1754 19.
754 1719 886 1763 ταύτης
912 1720 934 1753 Ρ
1055 1717 1111 1752 20.
1139 1716 1352 1752 θάλασσαν.
1412 1712 1487 1760 Τὴν
1515 1716 1555 1751 δὲ
1581 1717 1604 1750 P

135 1829 283 1852 exorsus
310 1822 367 1851 est
402 1817 616 1851 orationem,
680 1823 827 1851 “verum
859 1816 1062 1855 enimvero,
1088 1826 1108 1847 o
1138 1825 1219 1855 rex,
1247 1812 1291 1846 ad
1320 1813 1388 1846 hoc
1410 1813 1600 1858 imperium

135 1871 176 1899 ut
199 1865 399 1907 devenerit),
424 1869 462 1898 et
487 1869 524 1898 tu
554 1864 648 1897 nosti
675 1869 711 1897 et
737 1875 861 1897 omnes
891 1867 1075 1909 quotquot
1103 1866 1246 1906 praesto
1274 1866 1370 1894 sunt.
1419 1872 1487 1893 nec
1513 1860 1599 1892 hor-

136 1913 189 1946 rui
214 1924 349 1946 summa
386 1911 483 1945 vitae
523 1911 625 1944 adire
651 1911 877 1949 discrimina,
906 1916 946 1943 ut
981 1911 1083 1942 istam
1111 1908 1178 1942 tibi
1207 1920 1350 1953 parares
1376 1908 1597 1941 felicitatem.

135 1960 286 1993 vulnera
314 1958 436 1993 videre
461 1964 537 2000 est,
572 1970 664 2004 quae
694 1960 813 2003 accepi
841 1958 923 1991 (lum
953 1957 1019 1990 tibi
1055 1956 1227 1989 inservire
1255 1962 1292 1989 et
1319 1955 1512 1999 gratificari
1537 1966 1600 1986 cu-

135 2008 209 2054 pio.
261 2013 299 2040 at
329 2007 425 2039 enim
466 2006 495 2038 si
522 2005 609 2051 quid
651 2012 786 2038 temere
811 2005 988 2044 diximus,
1016 2015 1059 2036 an
1089 2015 1160 2036 non
1189 2003 1225 2035 id
1251 2014 1405 2048 aequum
1433 2009 1487 2035 est
1511 2003 1598 2034 mihi

135 2054 284 2087 adversa
309 2054 454 2087 fortuna
491 2053 607 2086 utenti
641 2059 677 2086 et
701 2053 845 2094 amicis,
875 2063 892 2084 a
932 2052 1065 2098 quibus
1091 2050 1277 2083 beneficiis
1303 2052 1449 2082 affectus
1480 2050 1601 2087 fueris,

135 2101 370 2136 condonare?
395 2100 489 2133 illud
516 2107 649 2142 autem,
675 2112 695 2133 o
729 2112 800 2140 rex,
827 2101 970 2146 privato
1001 2099 1138 2132 homini
1168 2109 1242 2130 non
1267 2097 1459 2131 admodum
1489 2098 1604 2142 impe-

134 2150 294 2184 dimento
319 2148 440 2181 fuerit.
509 2148 572 2181 ubi
606 2153 724 2181 autem
753 2149 821 2180 alia
848 2149 959 2190 regni
983 2146 1163 2180 affulserit
1193 2145 1326 2185 forma,
1354 2150 1428 2177 tum
1453 2155 1526 2176 non
1553 2144 1603 2175 fas

134 2202 208 2237 est,
239 2197 267 2230 si
295 2195 383 2242 quid
410 2201 535 2240 pactus
563 2195 698 2235 fueris,
727 2196 867 2228 irritum
894 2194 1018 2227 facere
1055 2199 1090 2226 et
1119 2192 1327 2236 transgredi.
1377 2192 1484 2223 etiam
1516 2190 1604 2223 deus

134 2243 289 2291 plurima
316 2242 421 2276 nobis
447 2242 542 2276 bona
568 2243 720 2287 largitur
738 2268 747 2283 ,
774 2243 801 2274 si
827 2243 863 2274 in
889 2253 954 2274 nos
984 2240 1261 2286 deliquentibus
1288 2239 1428 2271 veniam
1461 2237 1603 2271 dederi-

134 2302 225 2325 mus.
276 2290 306 2323 si
332 2290 443 2334 igitur
478 2289 567 2322 mihi
597 2290 735 2335 peccati
773 2289 1024 2334 impunitatem
1052 2289 1296 2325 concesseris,
1326 2286 1457 2318 maiora
1487 2297 1506 2317 a
1534 2285 1602 2317 deo

135 2338 202 2373 tibi
228 2337 426 2371 obvenient
457 2337 603 2370 tandem
642 2338 773 2370 bona.’'
822 2337 876 2369 his
907 2330 1012 2369 dictis
1053 2347 1127 2367 non
1162 2335 1341 2379 persuasit
1363 2333 1512 2373 Temni,
1540 2333 1602 2379 qui

137 2384 380 2430 respondebat
405 2386 535 2416 “venia
571 2384 689 2417 danda
713 2389 768 2417 est
793 2384 972 2417 erroribus
1007 2394 1130 2415 eorum
1159 2382 1221 2426 qui
1249 2380 1337 2426 quid
1365 2385 1510 2424 praeter
1535 2391 1598 2412 vo·

135 2433 310 2466 luntatem
340 2431 562 2464 admiserint.
613 2443 684 2477 quo
711 2438 816 2476 pacto
843 2437 960 2464 autem
984 2431 1162 2464 fortunam
1187 2429 1340 2460 retinere
1361 2433 1486 2471 potero
1515 2438 1599 2471 pro-

134 2481 275 2526 pitiam,
298 2479 326 2511 si
353 2477 491 2511 hostem
519 2490 636 2512 meum
663 2489 736 2511 non
762 2479 981 2512 necavero?''
1032 2477 1120 2510 haec
1146 2476 1206 2507 ubi
1238 2476 1379 2507 locutus
1407 2479 1473 2513 est,
1501 2475 1599 2517 Myr-

134 2529 227 2560 xiem
256 2527 419 2571 peremit.
470 2532 694 2571 peremptum
717 2527 884 2570 regaliter
905 2525 1073 2571 sepelivit
1101 2524 1282 2566 longoque
1309 2527 1472 2564 tempore
1493 2521 1597 2553 luxit.

229 2571 403 2607 posthaec
428 2572 563 2606 bellum
591 2574 743 2618 sumpsit
767 2573 935 2606 adversus
954 2573 1134 2616 Hyrcanos
1158 2576 1194 2602 et
1216 2574 1336 2601 contra
1363 2574 1485 2611 gentes
1507 2579 1600 2613 quae

136 2632 231 2655 mare
259 2620 460 2663 Hyrcanum
503 2621 689 2663 accolunt3
728 2632 815 2666 quas
852 2632 977 2653 omnes
1021 2617 1235 2663 perdomuit.
1299 2615 1392 2647 idem
1428 2626 1523 2648 mare
1565 2622 1601 2648 et

137 2668 306 2712 Caspium
333 2666 475 2707 dicitur,
501 2679 621 2700 versus
647 2668 829 2700 meridiem
857 2670 981 2701 Saccas
1009 2665 1146 2697 habens
1174 2663 1312 2695 accolas
1340 2668 1376 2695 et
1389 2661 1599 2702 Caddusios3

137 2715 283 2760 triginta
313 2714 456 2746 milibus
483 2715 678 2747 studiorum
710 2726 829 2747 versus
865 2715 1049 2747 Orientem
1080 2718 1113 2743 et
1141 2710 1434 2755 Septentrionem
1461 2711 1598 2742 accolas

140 2763 275 2797 habens
305 2762 538 2806 Massagetas,
565 2773 674 2807 genus
715 2763 899 2795 hominum
934 2760 1157 2794 bellicosum
1218 2758 1363 2802 longum
1392 2764 1443 2790 est
1472 2758 1599 2800 viginti
