1858 3210
470 182 543 222 DE
569 182 743 223 REBUS
779 180 1034 224 TURcicis
1075 181 1261 222 L.V111.
1492 168 1588 217 411

125 283 231 326 οἴκοι
259 282 550 338 διατρίβοντας
579 283 654 324 ἐᾶν
684 279 787 333 ὑμῖν
805 282 1017 336 φέρεσθαι
1049 278 1098 322 τοὶ
1127 280 1356 334 πράγματα
1387 274 1478 319 ὅποι
1507 293 1594 331 χω-

126 353 221 405 ροιή
250 349 366 404 ὑμῖν,
394 349 486 391 ἀλλ’
515 348 712 397 ἐπιόντας
738 342 907 400 αὐτούς,
955 341 1004 399 ἦν
1031 362 1128 387 τινα
1159 344 1438 400 αἰσθάνησθε,
1462 359 1597 396 τιμω-

127 419 298 470 ρεῖσθαι
327 415 503 467 αὐτίκα,
532 415 665 468 μηδὲν
691 411 883 466 μαλακὸν
919 411 1174 460 ἐνδιδόντας.
1232 409 1307 452 δύο
1340 409 1422 464 γὰρ
1456 410 1596 451 ταῦτα

125 481 198 524 καί
231 482 443 534 Τοιὶρκους
467 481 635 533 ἐποίησε
667 481 775 532 μέγα
800 476 1027 529 δύνασθαι,
1053 479 1217 532 σπουδῇ
1247 491 1292 516 τε
1322 473 1413 527 ἅμα
1439 472 1482 516 τό
1515 490 1595 515 πα·
1612 475 1646 509 P·
1666 473 1737 508 218

90 553 262 602 5ρεῖναι
291 545 515 602 ἁπανταχῇ
547 545 954 598 καταλαμβάνοντας
984 538 1080 584 ὅτου
1111 539 1163 583 ἂν
1196 543 1367 596 δέοιντο,
1398 542 1471 582 καί
1499 537 1598 589 τούς

125 611 318 665 ἀγαθούς
348 611 607 665 ἀμείβεσθαι
639 613 682 659 ἐς
710 607 763 651 τοὶ
789 607 992 662 μάλιστα.
1060 609 1134 649 καί
1160 602 1211 662 ἦν
1238 624 1280 649 τι
1307 609 1350 654 ἐς
1380 605 1424 648 τὸ
1460 603 1599 658 παρόν

122 677 182 733 μὴ
211 679 422 735 ἐπιτρέπῃ
462 680 746 731 τιμωρεῖσθαι
783 674 881 724 τοὺς
921 673 1138 731 φαύλους,
1169 672 1297 716 εἴκειν
1325 676 1404 727 μὲν
1430 688 1597 727 συγχω-

124 745 300 799 ροῦντας
330 739 432 785 ὅτου
463 741 514 785 ἂν
545 745 646 796 δέοι,
673 743 828 784 αὐτίκα
855 744 917 794 δέ,
942 741 1118 783 ἐπειδὰν
1138 741 1375 794 κατασταιή
1405 739 1458 780 τά
1485 736 1598 791 πρά-

122 826 282 865 γματα,
329 811 480 864 μηκέτι
508 812 744 865 ἐπιτρέπειν
782 809 897 866 αὐτῷ
943 810 1055 865 κακῷ
1101 803 1192 851 ὄντι
1228 808 1477 862 ἐξυβρίζειν,
1506 806 1598 848 ἀλλ’

69 886 112 922 10
124 876 234 919 εὐθύ
265 877 438 920 ἐπιόντα
472 876 753 930 α’μόνεσθαι.”

241 943 385 986 Ταῦτά
416 959 461 986 τε
481 941 623 997 ἔλεγε,
652 942 726 985 καί
752 944 826 986 ἐπί
866 940 964 991 τούς
1000 940 1236 995 Ἀλβανοὺς
1267 939 1498 996 παρεκάλει
1522 938 1596 982 τόν

121 1009 302 1064 ὕστερον
323 1011 436 1067 αὐτῷ
456 1009 648 1052 ἕπεσθαι.
678 1011 751 1051 καί
766 1011 914 1064 πρῶτα
929 1012 1008 1062 μὲν
1027 1007 1271 1064 Δημήτριος
1287 1007 1475 1050 ἐλαύνων
1506 1003 1597 1059 ἅμα

121 1080 208 1124 τοῖς
241 1075 443 1131 Τούρκοις
469 1074 541 1118 ἐπὶ
579 1078 814 1131 Βορβοτίαν
850 1073 999 1130 χώραν
1029 1074 1229 1130 ἐρυμνήν,
1257 1075 1301 1123 ἐς
1331 1071 1382 1128 ἢν
1416 1076 1597 1115 καταθέ-

119 1156 242 1194 μενοι
286 1139 443 1192 παῖδοίς
466 1157 510 1184 τε
559 1144 631 1183 καί
666 1147 870 1196 γυναῖκας
910 1140 950 1183 οἱ
988 1140 1192 1195 Ἀλβανοὶ
1227 1139 1298 1182 ἐπὶ
1333 1141 1389 1196 τῷ
1417 1137 1639 1192 στόματιΒ

67 1204 262 1260 15τεῖχός
289 1222 333 1248 τε
376 1209 706 1265 ἐπῳκοδόμησαν
747 1209 822 1249 καί
862 1208 1061 1263 πυργίον,
1105 1209 1295 1249 ἐνταῦθα
1342 1205 1597 1262 α’φικόμενοι

123 1270 398 1327 ἐπολιόρκουν
439 1271 531 1327 ἅμα
576 1270 710 1330 ἄμφω
755 1275 813 1317 τιὸ
865 1272 1060 1329 ἡγεμόνε,
1098 1276 1171 1316 καί
1197 1271 1390 1328 Ἕλληνες
1426 1288 1472 1314 τε
1505 1270 1596 1325 ἅμα

123 1338 197 1382 καί
229 1341 409 1396 Τοῦρκοι
451 1344 739 1396 προσέβαλλον
767 1341 1077 1395 ὑπορύσσοντες
1115 1342 1188 1382 καί
1214 1339 1441 1395 ἐπειρῶντο
1474 1337 1596 1382 ἑλεῖν.

122 1405 149 1460 ἡ
180 1406 322 1458 μέντοι
352 1406 427 1458 νύξ
455 1409 724 1463 ἐπιγενομένη
756 1406 1008 1450 διεκώλυσεν
1036 1407 1197 1457 αὐτούς
1221 1404 1331 1450 οὕτω
1359 1405 1480 1450 ἑλεῖν.
1509 1406 1592 1449 ὑπὸ

123 1472 170 1513 δὲ
203 1470 278 1526 τὴν
305 1472 431 1514 νύκτα
463 1472 534 1514 διὰ
566 1474 795 1528 φάραγγος,
829 1476 872 1522 ἐς
910 1472 960 1528 ἣν
987 1472 1163 1528 καθήκει
1195 1474 1241 1515 τὸ
1271 1469 1369 1527 ὅρος
1398 1470 1596 1528 ὥρμηντο

66 1539 166 1587 εοές
196 1536 347 1593 φυγήν.
417 1537 457 1581 οἱ
499 1541 579 1591 μὲν
626 1535 703 1580 οὖν
737 1543 916 1594 Τοῦρκοι
958 1537 1203 1593 αἰσθόμενοι
1245 1539 1522 1594 ὡρμημένους
1553 1541 1598 1588 ἐς

124 1604 278 1660 φυγήν,
311 1605 460 1646 αὐτίκα
507 1606 821 1656 ἐπεισπεσόντες
859 1607 1225 1661 ἠνδραποδίσαντο
1257 1602 1416 1662 ἄνδρας
1450 1622 1496 1648 τε
1527 1605 1600 1647 καὶ

122 1678 324 1726 γυναῖκας
353 1672 470 1729 α’μφί
495 1671 594 1721 τούς
620 1674 803 1728 μυρίους
831 1676 1090 1727 γενομένους.
1117 1702 1120 1704 »
1147 1672 1251 1726 μετὰ
1279 1675 1326 1715 δὲ
1357 1675 1494 1716 ταῦτα
1526 1675 1597 1725 ἐξ·

219 1771 254 1806 8.
283 1769 378 1816 θὴρ

128 1863 245 1908 agitis,
274 1875 328 1897 res
364 1869 502 1898 vestras
537 1865 718 1899 seditione
756 1864 943 1910 dissipari:
975 1865 1038 1898 sed
1070 1865 1212 1898 infestis
1238 1865 1367 1898 animis
1393 1865 1444 1898 ite.
1472 1870 1596 1898 contra
1623 1877 1630 1884 *

128 1922 189 1944 eos
215 1911 277 1956 qui
302 1910 501 1946 seditiones
527 1914 683 1946 excitare
714 1913 901 1953 nituntur,
931 1923 1051 1957 neque
1084 1914 1276 1958 quicquam
1315 1912 1368 1945 his
1397 1913 1447 1945 ita
1475 1911 1598 1946 delin-

131 1957 328 2002 quentibus
365 1960 510 1993 mollius
551 1961 772 1993 remiseritis.
835 1960 906 1992 duo
944 1961 1039 1993 enim
1068 1960 1132 1992 ilia
1160 1961 1297 1993 'furcos
1332 1959 1376 1992 ad
1404 1959 1597 1993 maximam

129 2015 279 2038 evexere
305 2007 504 2051 potentiam
522 2031 532 2048 ‚
569 2007 742 2040 videlicet
767 2007 962 2051 diligenter
988 2007 1100 2040 malos
1134 2008 1350 2052 conquirere
1385 2007 1595 2052 ubicunque

128 2053 324 2087 necessitas
352 2055 539 2098 exegisset,
564 2060 601 2087 et
623 2056 759 2088 meritis
785 2054 938 2088 subdere
967 2056 1114 2099 poenis;
1147 2054 1281 2088 deinde
1313 2055 1352 2087 in
1379 2054 1493 2088 bonos
1519 2066 1595 2088 non

126 2109 266 2132 cessare
293 2100 456 2134 conferre
480 2101 672 2135 beneficia.
724 2107 761 2135 et
785 2103 814 2135 si
840 2102 986 2147 quando
1006 2102 1180 2135 instantia
1208 2101 1483 2147 prohibuissent
1506 2113 1594 2135 son-

127 2151 180 2180 tes
204 2148 333 2192 poenis
361 2148 479 2189 ferire,
505 2149 589 2182 dare
614 2150 753 2182 veniam
780 2150 1016 2194 peccantibus
1051 2149 1147 2183 haud
1173 2149 1445 2182 cunctabantur.
1470 2160 1593 2182 verum

127 2193 189 2227 ubi
215 2194 286 2227 iam
312 2197 431 2228 omnia
458 2203 578 2229 essent
603 2197 640 2229 in
667 2202 759 2238 tuto,
778 2209 841 2229 nec
868 2198 1058 2243 quicquam
1083 2197 1233 2242 periculi
1259 2197 1474 2237 immineret,
1503 2208 1594 2241 poe-

125 2252 188 2274 nas
217 2242 261 2275 iis
288 2243 349 2287 qui
380 2244 430 2276 sic
457 2250 742 2278 commeruerunt
781 2244 1003 2288 infligebant,
1030 2256 1096 2277 nec
1122 2257 1183 2277 eos
1210 2245 1350 2276 iniuriis
1377 2250 1514 2277 certare
1543 2245 1593 2277 si-

125 2289 275 2330 nebant,
299 2300 422 2323 verum
449 2291 659 2324 iniuriarum
688 2292 864 2325 ultionem
889 2298 1098 2325 constanter
1133 2292 1388 2336 expetebant.''

221 2336 286 2368 His
312 2336 415 2371 dictis
432 2363 441 2378 ‚
465 2345 649 2384 postremo
680 2351 740 2372 eos
769 2339 982 2372 hortabatur
1023 2346 1062 2372 ut
1087 2351 1123 2372 se
1154 2339 1392 2384 sequerentur
1418 2338 1456 2371 in
1483 2338 1596 2371 Alba-

125 2393 206 2416 nos.
257 2388 295 2416 et
333 2385 447 2428 primo
487 2385 632 2431 quidem
674 2387 876 2420 Demetrius
914 2387 1094 2419 adiunctis
1131 2387 1257 2419 'furcis
1301 2385 1598 2430 proficiscebatur

126 2435 251 2463 contra
267 2431 501 2466 Borbotanem
521 2435 705 2478 regionem
722 2435 909 2473 munitam,
934 2435 972 2467 in
996 2446 1102 2479 quam
1120 2434 1250 2467 Albani
1276 2433 1462 2466 custodiae
1490 2444 1596 2466 causa

125 2476 264 2511 liberos
293 2483 330 2512 et
359 2490 487 2514 uxores
502 2479 758 2525 deposuerant,
786 2482 822 2514 in
850 2481 950 2514 aditu
977 2492 1117 2514 murum
1142 2487 1179 2514 et
1204 2482 1326 2513 turrim
1351 2480 1596 2514 exaedifican-

125 2529 194 2557 tes.
245 2535 288 2558 eo
315 2536 395 2558 cum
418 2528 604 2562 venissent
628 2529 732 2562 ambo
758 2529 888 2569 duces,
918 2530 1037 2562 locum
1071 2528 1262 2562 obsidione
1298 2539 1460 2573 premere
1497 2528 1595 2561 occi-

126 2572 245 2616 piunt.
297 2573 425 2606 Graeci
456 2575 636 2620 Turcique
663 2577 797 2621 pariter
822 2587 961 2608 murum
1001 2575 1218 2609 subruentes
1244 2575 1278 2608 vi
1304 2576 1341 2608 in
1372 2586 1449 2608 eam
1475 2575 1594 2620 regio-

125 2630 211 2652 nem
236 2619 446 2660 irruebant,
479 2623 508 2655 si
535 2633 608 2667 quo
636 2623 744 2657 modo
782 2634 859 2656 eam
886 2634 1062 2668 occupare
1087 2628 1248 2667 possent.
1300 2629 1338 2655 at
1365 2634 1437 2656 nox
1466 2634 1594 2668 super-

125 2666 273 2700 veniens
298 2667 558 2712 impedimento
593 2670 664 2704 fuit
695 2681 767 2715 quo
804 2672 924 2704 minus
962 2672 991 2703 is
1032 2671 1132 2703 locus
1162 2671 1200 2703 in
1230 2669 1407 2704 ditionem
1431 2669 1592 2704 hostium

126 2714 279 2747 veniret.
339 2715 498 2748 instante
536 2722 655 2750 autem
692 2723 799 2751 nocte
833 2729 897 2761 per
929 2718 1083 2758 vallem,
1123 2717 1160 2749 in
1186 2728 1291 2762 quam
1321 2728 1423 2750 mons
1447 2716 1593 2757 desinit,

126 2760 212 2806 fuga
235 2761 449 2797 dilabuntur
474 2763 617 2797 Albani.
667 2776 789 2798 verum
815 2765 943 2807 Tui-ci,
973 2764 1036 2798 ubi
1063 2765 1215 2798 allatum
1240 2770 1293 2798 est
1322 2765 1444 2799 hostes
1470 2765 1592 2809 fugam
