1884 3178
20 21 39 51 *l

443 206 516 245 DE
553 203 726 244 REBUS
755 201 1021 243 ,TUROECIS
1060 202 1107 242 L.
1135 203 1189 241 11.
1492 195 1553 240 97

95 313 200 359 νίας.
269 303 524 360 Παιαζήτης
572 306 620 346 δὲ
661 301 758 344 τότε
788 301 1027 352 Βυζάντιον
1064 300 1296 356 ἐπολιόρκει
1341 302 1562 355 προσέχων

97 375 401 428 ἐντεταμένως,
445 371 518 412 καί
558 372 630 412 ἐπὶ
672 366 999 421 Πελοπόννησον
1031 369 1204 420 πέμψας
1233 365 1428 419 στρατόν,
1457 366 1562 406 α’πο·

98 439 263 496 κρούων
290 435 506 493 μυριάδας
533 439 666 487 πέντε,
695 435 768 475 καί
788 433 1021 487 Ἰαγοιῑπην
1050 433 1125 474 τὸν
1153 433 1247 474 τότε
1274 432 1386 489 αὐτῷ
1415 429 1562 485 Εὐρώ-

98 514 180 562 πης
206 502 463 560 στρατηγόν,
510 502 639 550 αὐτὸς
665 497 778 553 εἶχεν
814 498 930 554 ἀμφὶ
958 501 1011 555 τῇ
1054 497 1213 540 ἑαυτοῦ
1243 499 1359 555 α’ρχῇ
1387 502 1439 555 τῇ
1467 499 1566 552 περὶ

65 567 143 615 5τό
174 568 422 622 Βυζάντιον.
497 566 721 622 Ἰαγούπης
747 568 826 619 μὲν
855 564 934 606 σὺν
963 567 1019 620 τῷ
1050 567 1259 621 Βρενέζῃ,
1290 565 1378 606 τότε
1408 564 1459 619 δὴ
1490 565 1565 618 α’ρ-

99 636 545 695 ξαμέιῳ-εὔδοκιμεῖν,
565 635 765 686 ἐσέβαλον
798 633 842 680 ές
869 630 944 685 την
963 630 1304 686 Πελοπόννησον·
1364 632 1437 672 καί
1457 634 1565 684 Βρε-

97 707 217 759 νέζης
244 705 325 755 μὲν
349 699 548 750 πολλάκις
575 697 768 752 ἐσβαλών
806 697 879 739 καί
908 695 1002 738 τότε
1033 700 1105 738 καί
1131 696 1238 750 μετὰ
1272 699 1407 739 ταῦτα
1436 695 1564 750 έδήου

99 773 176 826 τὴν
205 768 560 824 Πελοπόννησον,
595 766 702 808 ἀλλὰ
741 767 815 806 καί
841 763 892 806 τοὶ
923 763 1022 817 περὶ
1054 765 1262 818 Κορώνην
1292 779 1335 804 τε
1365 763 1438 804 καί
1465 766 1564 804 Με-

97 835 239 891 θώνην
264 837 424 890 χωρία,
460 830 689 888 Ἰαγοτῗπης
732 834 780 874 δὲ
810 828 831 871 ὅ
859 833 934 885 τῆς
969 827 1181 884 Εὐρώπης
1215 830 1381 884 ἡγεμών
1407 829 1565 885 ἀφικό-

10 957 16 959 ξ
44 911 220 957 ιθμενος
249 901 292 950 ἐς
319 900 367 943 τὸ
388 896 548 954 ’Ἄργος
576 897 821 952 ἐπολιόρκει.
854 899 901 939 τὸ
935 898 983 938 δὲ
1000 892 1158 949 ’Ἀργος
1190 898 1338 938 τοῦτον
1363 895 1434 938 τὸν
1460 895 1565 950 χρό-

98 983 168 1010 νον
194 974 400 1021 κατεῖχον,
457 965 640 1007 α’πέδοτο
669 965 716 1006 δὲ
745 963 968 1018 Θεόδωρος
1009 961 1032 1003 ὅ
1060 965 1134 1016 τῆς
1163 960 1357 1018 Σπάρτης
1388 962 1669 1017 ἡγεμών,ῐ’.5ῑ

98 1035 158 1084 ὥς
188 1036 354 1087 (ἐπέγνω
383 1037 468 1082 τοῖς
489 1029 660 1086 Ἕλλησι
689 1030 764 1084 τήν
793 1031 1006 1084 σωτηρίαν
1035 1031 1094 1086 τῷ
1121 1044 1165 1069 τε
1191 1030 1426 1086 Βυζαντίῳ,
1459 1028 1566 1082 πρὸς

99 1103 153 1142 δὲ1
174 1102 248 1141 καί
276 1100 324 1156 τῇ
356 1095 681 1154 Πελοποννήσῳ,
711 1095 785 1138 καί
815 1094 887 1137 ἐπὶ
915 1097 1046 1150 ξυροῦ
1077 1097 1214 1148 α’κμῆς
1247 1090 1327 1150 ἤδη
1357 1093 1564 1150 ἑστηκότα

98 1164 150 1208 τοὶ
169 1166 250 1208 τῶν
276 1163 484 1218 Ἑλλήνων
514 1161 766 1218 πράγματα·
796 1160 890 1203 τότε
908 1157 1064 1216 ”Αργος
1089 1158 1244 1214 ὅμορον
1273 1157 1321 1202 ὂν
1342 1165 1567 1219 Ναυπλίῳ,

45 1240 87 1274 15
100 1230 216 1273 πόλει
245 1233 330 1272 τῶν
353 1230 612 1284 “Ελληνικῶν
631 1261 643 1281 ,
674 1229 852 1270 ἀπέδοτο
883 1229 938 1268 ου’
966 1230 1135 1268 πολλοῦ.
1195 1229 1266 1269 καί
1292 1227 1492 1283 Σπάρτην
1518 1231 1566 1271 δὲ

99 1302 184 1346 τοῖς
213 1295 295 1338 ἀπὸ
343 1293 494 1338 Ῥόδου
525 1296 788 1349 Ναζηραίοις
835 1294 877 1342 ές
908 1291 1055 1347 λόγους
1093 1294 1349 1349 α’φικόμενος
1386 1292 1565 1337 ἀπέδοτο

101 1365 258 1404 πολλοῦ
286 1362 412 1410 τινός.
469 1360 508 1402 οἱ
546 1364 625 1413 μὲν
657 1362 918 1414 Σπαρτιᾶται
965 1357 1022 1408 ὥς
1051 1355 1233 1415 ᾔσθοντο
1264 1362 1566 1414 προδεδομένοι

102 1429 183 1470 ὑπὸ
229 1432 304 1469 τοῦ
337 1429 459 1483 σφῶν
483 1428 627 1468 αὐτῶν
667 1423 867 1480 ἡγεμόνος
906 1427 1040 1480 (α’πῆν
1067 1425 1150 1480 γὰρ
1177 1424 1316 1480 τότε),
1347 1427 1565 1480 ἐνάγοντος

100 1496 177 1535 τοῦ
204 1491 403 1548 Σπάρτης
441 1493 674 1547 ἀρχιερέως
705 1494 822 1548 κοινῇ
862 1507 906 1533 τε
935 1494 1143 1541 συνιέντες
1173 1492 1298 1546 σφίσι
1327 1490 1448 1546 λόγον
1477 1494 1564 1534 έδί-

41 1562 259 1614 manua»,
298 1558 370 1600 καὶ
414 1560 668 1600 συνίσταντο
696 1558 911 1612 ἀλλήλοις,
943 1558 1017 1599 καί
1041 1560 1306 1600 συνετίθεντο
1337 1556 1393 1607 ὥς
1421 1557 1602 1600 οὖδενίΒ

99 1628 394 1681 ἐπιτρέψοντες
425 1625 629 1666 εἰσελθεῖν
657 1625 700 1672 ές
730 1621 803 1678 την
831 1623 953 1665 πόλιν
983 1627 1067 1665 τῶν
1101 1626 1374 1678 Ναζηραίων,
1405 1627 1490 1666 πᾶν
1517 1627 1564 1666 δὲ

99 1688 124 1733 δ’
149 1709 191 1734 τι
217 1689 270 1734 ἂν
301 1693 390 1733 δέοι
427 1691 615 1745 χαλεπὸν
644 1692 916 1742 πεισομένους
962 1690 1043 1743 πρὸ
1075 1692 1154 1732 τοῦ
1183 1692 1449 1746 Ναζηραίοις
1477 1697 1564 1739 τοῖς

195 1816 252 1848 11.
278 1818 450 1860 κατεῖχον
474 1814 513 1848 οἱ
535 1812 712 1849 Οὐενετοί
732 1813 761 1846 H
861 1812 913 1847 19.
943 1813 1159 1853 uumerus?

99 1922 364 1968 oppugnationi
399 1921 497 1955 urbis
520 1922 712 1966 Byzanti-‘ie
755 1922 916 1955 intentus
946 1927 1034 1956 erat.
1091 1922 1190 1955 misit
1214 1933 1362 1968 quoque
1392 1923 1428 1955 in
1456 1923 1560 1955 Pelo-

100 1981 301 2015 ponnesum
334 1969 549 2011 exercitum,
588 1970 650 2014 qui
685 1969 995 2014 complectebatur
1029 1969 1193 2015 quinque
1226 1969 1405 2012 myriades
1441 1970 1563 2003 homi-

100 2029 198 2050 num.
245 2015 300 2050 his
341 2016 516 2061 praefecit
542 2015 703 2061 Iagupen
722 2040 731 2057 ,
759 2028 802 2050 eo
826 2022 988 2061 tempore
1012 2017 1178 2061 Europae
1205 2017 1342 2049 ducem.
1394 2018 1469 2061 ipse
1495 2029 1561 2049 au·

100 2070 172 2097 tem
199 2062 431 2098 incumbebat
467 2064 623 2106 Byzantii
657 2064 938 2108 oppugnationi,
979 2069 1019 2097 ut
1044 2069 1080 2097 et
1104 2064 1142 2096 id
1171 2076 1318 2108 regumn
1347 2064 1417 2097 sibi
1444 2065 1561 2097 subii-

99 2116 206 2144 ceret.
255 2112 404 2156 lagupes
427 2115 465 2144 et
489 2111 682 2151 Brenezes,
708 2113 772 2156 qui
805 2117 877 2144 tum
904 2111 1099 2144 clarescere
1124 2112 1324 2156 incipiebat
1349 2112 1455 2144 rebus
1482 2114 1560 2144 for-

98 2159 186 2192 titer
209 2158 331 2201 gestis,
358 2157 601 2190 incursionem
630 2157 747 2190 fecere
773 2158 809 2191 in
847 2159 1142 2203 Peloponnesum.
1193 2165 1229 2192 et
1253 2158 1398 2204 quidem
1424 2161 1558 2192 Breue-

99 2216 168 2245 κει,
196 2216 275 2237 cum
312 2205 456 2250 saepius
477 2205 765 2249 Peloponnesum
803 2210 1002 2245 tentasset,
1038 2205 1185 2239 tandem
1227 2205 1272 2238 ad
1299 2207 1556 2250 populationes

97 2253 254 2286 animum
279 2253 476 2293 convertit,
512 2251 702 2285 devastans
728 2252 1018 2297 Peloponnesum
1047 2258 1084 2286 et
1123 2254 1193 2285 alia
1221 2254 1383 2286 Coronae
1410 2253 1555 2285 Metho-

97 2310 238 2344 naeque
262 2299 413 2332 finitima
440 2300 530 2332 loca.
596 2299 748 2344 Iagupes
775 2299 940 2344 Europae
966 2300 1051 2340 dux,
1079 2312 1156 2333 cum
1188 2301 1345 2333 exercitu
1371 2300 1556 2340 accedens,

97 2350 206 2390 Argos
235 2346 360 2380 urbem
383 2356 593 2391 oppugnare
617 2357 801 2390 aggressus
826 2353 902 2388 est.;
946 2359 1097 2392 eamque
1124 2359 1166 2380 eo
1194 2354 1357 2391 tempore
1385 2347 1555 2380 obtinuit.

96 2399 135 2426 at
153 2392 370 2426 Theodorus
398 2393 548 2438 Spartae
583 2393 655 2426 dux
681 2393 774 2426 hanc
809 2394 935 2427 urbem
966 2395 1194 2434 vendiderat,
1224 2406 1303 2427 cum
1331 2395 1457 2426 Graeci
1486 2396 1554 2426 iam

96 2440 330 2484 desperarent
367 2439 413 2473 ‹le
442 2440 603 2482 Byzantii
642 2437 954 2487 Peloponnesique
989 2442 1131 2480 salute,
1175 2443 1406 2486 ipsorumque
1434 2453 1488 2474 res
1517 2443 1555 2475 in

44 2509 55 2518 .
95 2487 296 2531 gravissima
325 2487 484 2532 pericula
511 2486 689 2520 adductae
716 2494 849 2521 essent.
899 2495 986 2522 tunc
1005 2489 1126 2532 igitur,
1153 2501 1230 2520 cum
1257 2489 1473 2520 Graecorum
1501 2500 1554 2522 res

94 2535 132 2568 in
159 2535 306 2579 ancipiti
331 2533 522 2568 haererent
558 2535 744 2580 periculo,
771 2537 882 2579 Argos
910 2536 1032 2568 urbem
1057 2536 1215 2579 Nauplio
1241 2536 1458 2568 Graecorum
1485 2548 1552 2582 op-

92 2581 181 2627 pido
207 2581 395 2614 finitimam
418 2581 583 2615 vendidit
607 2581 705 2614 haud
730 2593 858 2627 magno
883 2584 1012 2627 pretio.
1063 2584 1224 2627 Spartam
1257 2588 1386 2622 tamen,
1413 2594 1490 2614 cum
1517 2586 1554 2616 in

93 2629 315 2674 colloquium
339 2629 494 2662 venisset
511 2640 590 2661 cum
607 2628 723 2662 Rhodi
737 2629 938 2671 Nazaraeis,
964 2631 1007 2662 iis
1025 2640 1151 2672 magna
1178 2629 1353 2674 pecuniae
1370 2630 1405 2663 vi
1425 2630 1553 2664 vendi-

93 2675 160 2709 dit.
211 2675 378 2720 Spartani
413 2676 556 2719 cognito
592 2687 629 2709 se
655 2676 806 2710 traditos
842 2688 919 2709 esse
949 2688 967 2709 a
996 2689 1060 2709 suo
1097 2677 1199 2714 duce,
1233 2678 1294 2721 qui
1321 2688 1364 2709 eo
1389 2682 1552 2723 tempore

92 2722 216 2756 aberat
244 2722 380 2763 Rhodi,
415 2722 593 2756 admoniti
629 2734 648 2756 a
671 2735 736 2756 suo
765 2724 959 2769 episcopo,
986 2725 1047 2768 qui
1073 2723 1109 2755 id
1136 2723 1307 2756 indicium
1339 2724 1484 2764 fecerat,
1515 2726 1552 2759 in

92 2770 274 2803 comitium
314 2775 519 2803 evocantur.
582 2769 636 2803 ibi
660 2771 785 2804 multis
813 2772 911 2805 ultro
950 2772 1113 2815 citroque
1142 2771 1301 2810 iactatis,
1328 2772 1549 2806 coniuratio-

168 2838 498 2884 Chalcocondylas.
1285 2841 1302 2872 7
