1800 3172
263 177 326 221 92
616 181 839 224 LAONICI
880 182 1382 226 CHALCOCONDYLAE

258 294 324 334 μῳ
352 277 513 335 τούτῳ,
551 281 624 321 καί
663 280 702 321 οἱ
737 279 886 322 Κελτοί
911 279 1113 332 α’νέλαβόν
1139 297 1182 323 τε
1217 280 1434 335 σφᾶςκαί
1459 282 1688 335 ἐρρωμενέ-

260 359 397 396 στεροι
429 345 611 397 ἐγένοντο
638 344 742 399 πρὸς
768 344 867 394 τούς
885 345 1122 398 Βρετανοὺς
1138 344 1384 399 μαχόμενοι,
1410 361 1479 387 και
1505 344 1578 393 τοὶς
1609 344 1687 384 πό-
1706 369 1714 374 -

258 411 343 454 λεις
381 410 502 463 σφῶν
544 409 902 461 ἀπολαμβάνοντες
939 409 1180 461 διεσώζοντο
1209 405 1336 458 αυθις
1373 410 1448 463 τὴν
1474 411 1687 462 βασιλείαν

259 473 410 525 αὐτῶν,
440 468 564 526 ἄχρις
593 469 645 515 ου
669 473 864 522 πολλάκις
893 475 1125 527 διαβάντων
1162 476 1203 522 ές
1230 474 1301 527 τήν
1331 475 1542 516 Γαλατίαν
1560 489 1688 527 στρα-

256 538 341 576 ταῗν
368 540 529 578 πολλῶν
561 554 628 580 και
654 538 845 592 μεγάλων
874 538 954 579 οἷπὸ
977 541 1222 592 Βρετανιάς,
1249 541 1566 591 μαχεσαμένους
1591 536 1719 586 τούςό

257 600 444 649 Κελτούς
473 605 670 656 φέρονται
700 605 819 644 πλέον
847 605 930 644 τῶν
949 606 1182 656 Βρετανῶν,
1212 606 1252 651 ές
1280 602 1304 643 ὃ
1334 601 1384 656 δή
1413 603 1686 644 συνελαύνον-

256 680 321 713 τες
354 666 509 714 αὐτοὺς
537 669 580 716 ἐς
606 666 680 720 τήν
702 669 894 722 Καλέὸήν
922 667 1115 718 ἐξελάσαι
1145 667 1297 716 αὐτοὺς
1326 670 1370 708 ἐκ
1400 669 1472 721 τῆς
1501 666 1657 720 χώρας.

366 731 621 783 Βρετανικαί
651 734 766 785 νῆσοι
792 732 1038 786 καταντικρὺ
1070 734 1141 786 τῆς
1158 734 1394 786 Φλανδριάς
1413 737 1521 785 τρεῖς
1548 726 1686 782 οὖσαι,

254 793 548 848 ἒπίμήκιστον
574 798 620 837 δὲ
641 798 825 837 ω’κεανοῦ
849 795 1119 852 καθήκουσαι,
1150 795 1216 838 ὅτὲ
1241 801 1318 848 μὲν
1338 799 1415 849 μιά
1444 798 1565 851 νῆσος
1593 813 1687 850 τυγ-

216 860 375 912 Οχάνει
415 855 549 911 οὖσα,
577 860 698 902 ὁπότε
728 863 985 915 πλημμυριά,
1016 860 1085 902 ὁτὲ
1122 864 1158 903 δ’
1185 857 1309 910 αὖθις
1334 867 1458 915 τρεῖς,
1489 860 1610 902 ὁπότε
1635 860 1687 902 τοὶ
1703 873 1743 906 10

254 921 389 964 ὕδατα
419 925 461 972 ἐς
479 921 671 976 ἄμπωτιν
698 924 915 979 γιγνόμενα
941 925 1252 981 ἀναστρέφοιτο.
1309 928 1546 978 δικαιοτέρα
1576 927 1612 967 δ’
1639 924 1691 967 ἂν

253 991 412 1041 λέγοιτο
449 990 527 1040 μιά
559 986 673 1043 ,αὕτη
716 987 741 1042 ἡ
767 990 912 1043 νῆσος,
941 991 1032 1031 ε’πεί
1059 990 1130 1031 καί
1158 992 1242 1042 ’μιά
1285 1006 1328 1032 τε
1370 986 1473 1031 οὖσα
1504 990 1576 1032 καὶ
1604 993 1688 1031 κατ’

255 1052 360 1094 αυ’τὸ
393 1053 594 1108 διήκουσα
624 1052 893 1107 πολιτεύεται,
925 1055 1137 1109 φρονοῦσά
1163 1071 1207 1096 τε
1234 1055 1336 1097 κατὰ
1369 1055 1496 1097 ταῦτὸ
1525 1057 1597 1096 καί
1618 1053 1690 1110 ὑφ’

255 1115 341 1164 ἑνὸς
370 1119 579 1172 ἀρχομένη
618 1118 667 1159 τοὶ
703 1117 898 1173 ξύμφορα
943 1117 1070 1175 ἑαυτῇ
1098 1122 1323 1161 ἐπισκοπεῖ.
1381 1120 1466 1162 ἔστι
1496 1123 1534 1162 δ’
1561 1119 1586 1174 ἦ
1616 1135 1688 1160 πε-

256 1182 391 1234 ρίοδος
418 1184 544 1237 τῆσδε
574 1185 644 1235 τῆς
671 1183 798 1236 νήσου
829 1184 871 1231 ές
891 1185 1250 1236 πεντακισχιλίους
1277 1183 1455 1235 μάλιστα
1481 1185 1746 1234 σταδίους-,15

254 1249 370 1298 γένος
400 1249 446 1288 δὲ
474 1249 627 1288 ἐνοικεῖ
657 1247 729 1302 τήν
771 1248 894 1301 νῆσον
935 1247 1038 1289 πολύ
1079 1264 1124 1289 τε
1165 1250 1234 1290 καί
1261 1245 1455 1301 ἄλκιμον,
1483 1249 1620 1298 πόλεις
1646 1265 1690 1291 τε

257 1310 406 1352 ἔνεισιν
432 1311 561 1353 αὐτοῦ
589 1310 768 1366 μεγάλαι
785 1327 828 1353 τε
854 1311 926 1353 καί
954 1308 1107 1365 ὄλβιαι,
1133 1312 1205 1355 καὶ
1230 1315 1365 1366 κῶμαι
1397 1311 1460 1355 ὅτι
1487 1319 1690 1356 πλεῖσται.

257 1374 346 1416 ἔστι
374 1377 408 1416 δ’
435 1378 574 1424 αὐτοῖς
599 1375 810 1429 βασιλεῦς,
839 1379 912 1417 καὶ
939 1378 1190 1431 μητρόπολις
1207 1379 1359 1429 αὐτῶν,
1386 1380 1429 1420 έν
1458 1374 1487 1434 ᾗ
1518 1379 1590 1420 καί
1614 1382 1691 1432 βα-

258 1442 406 1493 σίλεια,
438 1441 689 1496 Λούνὸρας,
736 1444 810 1482 τοῦ
838 1445 1054 1494 βασιλέως,
1081 1442 1151 1483 ὑπ’
1181 1443 1309 1484 αὐτὸν
1339 1445 1384 1484 δὲ
1410 1443 1621 1496 ἡγεμονίαι
1647 1445 1691 1485 ἑν

257 1506 310 1560 τῇ
337 1505 446 1562 νήσῳ
474 1503 605 1561 ταύτῃ
650 1507 724 1546 οὐκ
752 1505 907 1561 ὀλίγαι,
945 1506 1050 1547 κατὰ
1080 1507 1212 1548 ταῦτα
1241 1513 1325 1556 τοῖς
1349 1510 1526 1556 Κελτοῖς
1554 1510 1688 1550 διατι-
1701 1521 1746 1554 20

257 1572 432 1622 θέμεναι
462 1571 517 1627 τῷ
542 1573 726 1627 σφετέρῳ
752 1574 939 1623 βασιλεῖ·
997 1569 1091 1612 οὔτε
1113 1571 1192 1626 γὰρ
1227 1569 1278 1612 ἂν
1309 1572 1464 1629 ῥᾳδίως
1492 1572 1689 1627 ἀφέλοιτο

351 1674 384 1708 6.
413 1677 599 1720 φέρεσθαι
622 1675 653 1708 Η
772 1675 824 1706 11.
853 1675 1105 1722 ὃικαιότερονῖ
1220 1675 1272 1708 19.
1298 1675 1497 1723 Λοὺνδριις
1519 1682 1600 1722 post
1625 1675 1691 1711 αὖ·

350 1722 425 1756 τῶν
447 1722 552 1766 ponit
577 1722 605 1753 H

258 1814 368 1844 castra
395 1821 431 1843 se
457 1816 678 1855 receperunt.
742 1817 883 1856 postero
910 1812 967 1844 die
995 1813 1076 1845 freti
1105 1813 1234 1846 virtute
1273 1813 1440 1852 mulieris,
1467 1824 1558 1858 quae
1586 1824 1688 1846 exer-

257 1858 366 1890 citum
391 1857 575 1898 ductabat,
612 1857 738 1902 praelii
764 1863 978 1902 potestatem
1003 1859 1150 1892 faciunt.
1199 1869 1241 1892 eo
1266 1859 1303 1892 in
1328 1859 1464 1903 praelio
1486 1860 1605 1893 hostes
1630 1861 1688 1892 fu-
1718 1899 1719 1902 Ἴ

257 1907 395 1947 garunt,
419 1903 596 1945 fugientes
622 1905 799 1947 persecuti
824 1910 918 1937 sunt.
965 1906 1091 1938 mulier
1116 1906 1179 1937 illa
1203 1905 1241 1938 in
1261 1917 1303 1938 eo
1331 1906 1464 1948 praelio
1490 1905 1689 1938 desiderata

258 1954 322 1984 est.
382 1954 419 1982 at
443 1949 540 1982 Galli
571 1959 649 1981 cum
682 1951 897 1994 recepissent
921 1951 1080 1990 animos,
1106 1952 1248 1995 iamque
1278 1951 1498 1984 fortitudinis
1512 1952 1689 1996 collegis-

257 2000 337 2028 sent
359 1995 495 2035 famam,
534 1995 675 2028 sortiter
698 2001 819 2028 contri
847 1998 1032 2029 Britannos
1065 1997 1274 2030 dimicantes
1305 1997 1410 2030 urbes
1436 2009 1515 2030 suas
1541 2009 1690 2042 recupe-

259 2046 391 2080 rarunt,
421 2051 636 2085 regnumque
663 2042 769 2074 tutati
801 2048 893 2074 sunt.
943 2044 1098 2087 quamvis
1118 2043 1262 2087 plurimi
1288 2048 1324 2076 et
1349 2044 1488 2076 maximi
1516 2045 1688 2076 exercitus

259 2099 280 2119 a
311 2088 488 2120 Britannia
513 2088 550 2119 in
579 2087 733 2120 Galliam
760 2089 958 2128 transirent,
987 2095 1103 2122 tamen
1131 2089 1226 2122 Galli
1250 2099 1386 2132 semper
1412 2090 1593 2123 victoriam
1619 2102 1687 2134 pu-

259 2139 406 2177 gnantes
433 2134 611 2166 invenere.
661 2133 778 2166 hostes
814 2135 932 2177 fugere
960 2140 1151 2179 coegerunt
1178 2134 1354 2174 Calednm,
1380 2135 1596 2180 tandemque
1622 2147 1688 2181 pe-

259 2180 354 2212 nitus
380 2190 440 2212 eos
465 2190 484 2212 e
511 2179 628 2212 Gallia
652 2180 880 2224 pepulerunt.

355 2226 533 2258 Britannia
572 2231 608 2258 et
643 2226 778 2258 insulae
807 2232 874 2259 tres
912 2231 994 2259 sunt
1029 2238 1047 2259 e
1073 2227 1214 2269 regione
1241 2226 1438 2268 flandriae,
1466 2228 1569 2269 longe
1597 2227 1687 2260 late-

261 2282 331 2316 que
357 2271 538 2304 Oceanum
575 2278 798 2315 occupantes.
850 2284 918 2304 una
945 2275 1010 2305 sita
1037 2277 1090 2306 est
1121 2284 1163 2306 eo
1188 2273 1257 2305 loci
1288 2273 1347 2304 nbi
1371 2273 1472 2305 maris
1499 2273 1687 2306 inundatio

261 2319 336 2349 sive
363 2318 577 2350 aestuarium
603 2319 827 2362 conspicitur.
878 2319 1036 2362 reliquae
1067 2324 1137 2351 tres
1165 2324 1257 2358 sunt,
1285 2318 1343 2350 ubi
1368 2329 1480 2363 aquae
1508 2320 1543 2351 in
1571 2320 1689 2362 gurgi-

260 2369 332 2397 tem
365 2374 554 2396 conversae
588 2369 821 2396 revertuntur.
879 2366 1005 2397 rectius
1047 2365 1124 2408 quis
1151 2364 1280 2396 dixerit
1316 2365 1399 2397 istas
1429 2365 1559 2398 insulas
1586 2376 1688 2399 unam

261 2420 337 2442 esse
355 2433 365 2449 ‚
391 2411 558 2455 quoniam
584 2421 654 2442 una
683 2411 855 2450 existens,
892 2416 928 2443 et
959 2410 1003 2441 ad
1042 2411 1189 2443 eandem
1216 2421 1291 2443 sese
1318 2410 1539 2452 extendens,
1567 2410 1689 2444 iisdem

260 2455 399 2498 legibus
435 2462 469 2489 et
504 2456 658 2488 moribus
691 2455 814 2489 iisdem
857 2456 1089 2498 gubernatur-3
1130 2462 1165 2490 et
1190 2457 1249 2489 uni
1272 2456 1428 2489 subiecta
1454 2458 1689 2500 magistratui,

262 2512 354 2546 quae
379 2501 446 2533 sibi
474 2503 574 2534 utilia
605 2508 687 2535 sunt
715 2503 895 2546 prospicit.
946 2503 1083 2534 insulae
1101 2502 1204 2536 huins
1230 2501 1379 2535 ambitus
1405 2503 1565 2535 continet
1581 2503 1690 2546 quin-

262 2558 332 2591 que
368 2549 515 2580 maxime
553 2548 650 2580 milia
682 2547 882 2582 stadiorum.
939 2560 1014 2580 eam
1052 2554 1152 2582 tenet
1185 2559 1267 2590 gens
1306 2549 1478 2592 populosa
1515 2554 1551 2582 et
1576 2549 1688 2583 for-tis.

261 2593 372 2627 habet
403 2594 507 2627 urbes
541 2605 681 2638 magnas
717 2600 754 2627 et
777 2594 904 2638 opibus
929 2594 1118 2634 florentes,
1150 2606 1221 2635 neq
1253 2606 1325 2627 non
1351 2595 1441 2627 vicos
1470 2595 1689 2639 quampluri-

262 2651 348 2672 mos.
399 2651 456 2672 rex
482 2651 558 2672 eam
596 2647 735 2683 gentem
761 2640 908 2684 imperio
937 2619 1121 2683 temperat.
1181 2640 1336 2673 Londras
1361 2641 1458 2684 regni
1482 2641 1689 2685 metropolis

263 2691 299 2719 et
327 2685 427 2720 sedes
461 2686 623 2720 habetur.
683 2692 764 2720 sunt
800 2687 837 2720 in
874 2687 939 2720 ista
965 2687 1108 2728 regione
1147 2686 1361 2734 principatus
1388 2698 1460 2720 non
1487 2686 1600 2731 pauci,
1626 2687 1688 2730 qui
