1774 3204
225 171 319 220 416
539 180 757 222 morum
801 181 1306 224 CHALCOCONDYLAE

224 275 430 330 α’φίκοντο,
451 276 564 330 παρὰ
594 280 796 333 βασιλέα,
839 280 910 320 καί
937 280 1082 334 χώραν
1113 283 1394 334 παρεχομένου
1426 282 1503 323 τοῦ
1530 285 1654 334 βασι-

224 344 326 388 λέως
353 339 496 394 ἱκανήν
524 342 600 396 τήν
630 343 797 384 δίαιταν
823 342 1045 386 ἐποιοῦντο.
1101 345 1297 398 βασιλεύς
1322 348 1398 398 μὲν
1418 342 1492 387 οὖν
1520 345 1653 403 τούτῳ

224 405 419 456 ἀπάγοντι
463 407 596 460 φόρον
637 405 799 461 ἱκανόν,
838 410 880 456 ἐς
922 410 1168 461 δισμυρίους
1209 409 1387 462 χρυσίου
1432 411 1655 464 στατῆρας,

121 475 211 509 1456
223 469 402 516 σπονδάς
430 485 479 510 τε
504 469 752 525 ἐποιήσατο,
783 475 853 513 καί
883 474 924 520 ἐς
954 473 999 513 τὸ
1030 472 1147 514 ἐπιὸν
1177 473 1266 522 ἔτος
1295 474 1559 527 ἐστρατεύετο
1587 477 1655 519 ἐπὶ

222 531 534 587 Μπελογροῖδην
570 534 643 587 τὴν
678 534 794 576 πόλιν
822 537 1034 578 Παιόνων.
1091 535 1198 590 αὕτη
1230 539 1275 578 δὲ
1303 538 1327 591 ἦ
1361 537 1477 586 πόλις
1504 535 1690 594 (ιιῖκεΐτοῤ

180 595 279 642 Ηώς
306 594 508 650 πρότερόν
527 613 598 649 μοι
619 600 846 651 δεδήλωται
879 602 948 641 ε’πί
978 600 1252 655 Ἀμουροίτεω,
1282 599 1395 653 παρὰ
1417 597 1655 659 τὸνἾστρον

224 661 299 715 ἀφ’
331 658 423 708 ἑνὸς
452 662 638 714 πλαγίου,
673 663 752 703 α’πὸ
785 666 829 705 δὲ
859 663 1001 717 ἑτέρου
1042 666 1296 719 ἐπιρρέοντος
1328 665 1446 719 §offla
1477 668 1554 706 τοῦΙ
1582 682 1654 707 πο·

222 729 358 777 ταμοῦ
393 729 464 767 καί
503 727 733 775 ἐκδιδόντος
773 731 813 776 ές
849 730 921 769 τὸν
951 726 1113 783 Ἴστρον
1151 731 1414 785 οἷμφίρρυτος
1454 731 1655 784 γίνεταιῆ

222 789 339 839 πόλις
369 789 526 846 (ἷμφοϊν
557 798 641 833 τοῖν
671 799 871 839 ποταμοῖν
908 793 1234 848 παραρρεόντων.

326 857 416 897 Ἐπί
443 857 598 911 ταύτην
627 860 671 898 δὲ
703 858 777 910 τήν
795 858 1105 913 ῙΙἸπελογράδην
1136 859 1402 912 ἐστρατεύετο
1431 862 1710 915 ΜεχμέτηςΙΟ

220 919 241 960 ὃ
273 919 553 974 Ἀμουράτεω,
583 922 652 962 καί
681 923 876 974 πρότερον
898 923 967 962 ὲηί
993 919 1218 976 Ἰλλυριοὺς
1245 925 1532 976 στρατεύματα
1562 926 1652 966 ἐπι-

219 988 388 1038 πέμψας
418 986 643 1039 ἡγουμένου
678 988 860 1039 Θερίζεω
891 986 963 1027 καί
992 987 1137 1029 ζΑλιέω
1168 991 1243 1029 τοῦ
1274 990 1493 1041 Μιχάλεω.
1550 988 1654 1042 πρὸς

220 1051 266 1090 δὲ
314 1052 382 1090 καί
421 1052 463 1091 ἐν
509 1053 557 1105 τῇ
593 1050 714 1106 Ἀσία
751 1053 929 1103 συνῆπτο
974 1051 1089 1107 αύτῷ
1130 1051 1305 1102 πόλεμος
1345 1051 1448 1104 πρὸς
1475 1055 1651 1104 βασιλέα

221 1115 429 1166 Κολχίδος
458 1115 527 1167 τῆς
563 1116 883 1167 Τραπεζοῦντος.
949 1114 1022 1155 καί
1047 1114 1228 1167 τριήρεις
1259 1117 1497 1168 ἐπιπέμψας
1529 1117 1650 1169 ἐδῄου

218 1192 261 1218 τε
289 1176 362 1230 τήν
395 1178 597 1230 Κολχίδα,
631 1179 701 1218 καὶ
732 1175 913 1231 ἤπειρον,
943 1178 1043 1219 κατὰ
1071 1179 1297 1232 θάλατταν,
1326 1179 1552 1233 ἡγουμένου
1581 1181 1651 1221 τοῦ
1671 1187 1710 1220 15

93 1250 125 1282 Ρ.
139 1249 205 1283 221
220 1240 427 1295 Χητύρεω
460 1246 535 1282 τοῦ
579 1246 650 1295 τῆς
676 1243 881 1294 Ἀμασίας
923 1241 1128 1295 ὑπάρχου.
1198 1242 1252 1291 αἱς
1279 1246 1356 1296 μὲν
1396 1241 1470 1286 οὖν
1497 1244 1653 1298 κήρυκα

217 1304 373 1357 ἔπεμπε
415 1309 754 1360 περιαγγέλλοντα
794 1313 983 1360 παρεῖναι
1037 1309 1150 1363 αύτῷ
1190 1307 1238 1348 τὰ
1279 1307 1571 1361 στρατεύματα
1611 1311 1653 1357 ἐς

214 1369 572 1424 Ἀδριανούπολιν,
601 1369 807 1422 ἐξελαύνει
839 1371 965 1419 αὐτὸς
993 1371 1102 1425 ἔχων
1129 1373 1203 1421 τάς
1222 1389 1264 1414 τε
1293 1373 1431 1427 θύρας
1461 1375 1532 1415 καί
1556 1372 1655 1420 τούς

217 1435 430 1488 νεήλυδας,
458 1439 528 1477 καί
555 1435 713 1489 χαλκὸν
741 1439 818 1487 μὲν
846 1435 957 1490 παρὰ
988 1437 1082 1485 τοὺς
1101 1437 1346 1492 τηλεβόλους
1373 1437 1549 1490 ἔμπλεον
1579 1438 1653 1493 ‹ps-2

219 1499 389 1552 ρόμενος
417 1499 486 1541 διά
515 1516 559 1540 τε
587 1503 695 1555 νηῶν
725 1501 836 1556 αὐτῷ
864 1502 934 1541 καί
963 1500 1155 1554 καμήλων
1183 1499 1335 1552 ἤλαυνε
1360 1501 1429 1544 διά
1458 1505 1530 1556 τῆς
1556 1506 1709 1554 Tot-20

216 1567 382 1617 βαλλαῖν
407 1565 563 1619 χώρας.
629 1569 698 1606 καί
727 1567 877 1615 ἐξένιζε
918 1569 995 1617 μὲν
1023 1563 1042 1605 ὃ
1082 1569 1151 1619 τῆς
1181 1568 1460 1621 Σπενδερὸβης
1490 1566 1654 1620 ἡγεμών

218 1629 288 1671 τόν
319 1645 361 1671 τε
389 1632 564 1682 βασιλέα
614 1629 686 1671 καί
726 1629 822 1678 τούς
852 1628 1080 1683 ἡγεμόνας,
1114 1633 1229 1686 δῶρα
1259 1635 1430 1685 πέμπων
1455 1631 1512 1681 ὥς
1537 1636 1652 1687 μέγι-

312 1745 364 1778 15.
393 1745 469 1779 κατ’
495 1744 670 1791 ἤπειρονΡ
843 1767 870 1771 -—
1111 1762 1126 1771 ι

221 1860 397 1899 poterant,
423 1865 551 1887 venere
579 1855 622 1887 ad
649 1865 783 1898 regem;
815 1856 877 1901 qui
908 1867 984 1888 cum
1009 1855 1064 1888 his
1093 1857 1266 1900 regionem
1293 1858 1495 1900 assignaret,
1521 1859 1649 1892 factum

221 1907 275 1933 est
300 1907 339 1933 ut
365 1902 496 1934 vietum
527 1902 813 1934 nanciscerentur
840 1901 1078 1935 sufficientem.
1128 1915 1195 1946 pax
1214 1909 1330 1936 autem
1351 1915 1428 1936 cum
1453 1916 1495 1937 eo
1521 1917 1651 1938 couve-

219 1953 322 1979 nex-at
345 1952 385 1980 ut
410 1949 598 1991 quotannis
638 1947 807 1979 tributum
833 1949 1020 1980 maximum
1050 1950 1156 1981 ferret
1175 1974 1183 1988 ‚
1215 1949 1383 1983 videlicet
1405 1951 1528 1994 viginti
1554 1952 1648 1984 milia

220 1999 388 2026 staterum
419 1995 506 2025 auri.
558 2005 599 2025 eo
625 2004 717 2025 anno
746 1995 806 2038 qui
822 1995 1048 2038 sequebatur,
1073 1995 1336 2038 expeditionem
1355 2002 1477 2029 eontra
1507 1998 1648 2040 Belgra-

220 2039 303 2071 (lum
330 2039 450 2071 urbem
476 2039 676 2071 Pannoniae
697 2041 862 2084 suscepit.
914 2041 994 2072 urbs
1023 2041 1122 2081 haec,
1147 2042 1444 2085 quemadmodum
1467 2042 1649 2076 doc‘uimus

220 2097 295 2117 cum
323 2086 552 2118 scriberemus
581 2085 623 2116 (le
643 2086 819 2125 Amurate,
848 2086 890 2118 ab
917 2097 986 2118 uno
1016 2087 1125 2118 latere.
1146 2088 1242 2119 iuxta
1268 2089 1393 2120 Istrum
1420 2089 1487 2120 sita
1511 2094 1576 2129 est,
1603 2090 1647 2121 ab

219 2132 329 2164 latere
356 2132 467 2163 altero
503 2132 649 2163 alluitur
676 2132 775 2170 Savo,
802 2134 862 2175 qui
902 2143 939 2164 se
978 2133 1014 2164 in
1039 2134 1164 2165 Istrum
1203 2133 1369 2175 effundit3
1415 2133 1460 2166 ab
1498 2139 1648 2180 utroque

218 2177 467 2210 circumfluitur
491 2189 531 2210 ea
567 2177 662 2216 urbS‚
687 2178 715 2209 si
740 2178 882 2222 quidem
912 2178 1013 2210 ambo
1039 2185 1178 2222 praeter
1203 2190 1279 2211 eam
1306 2180 1485 2212 labuntur.

310 2235 441 2268 Contra
477 2234 567 2267 hanc
604 2235 795 2267 exercitum
831 2235 933 2267 duxit
964 2235 1177 2268 Mechmetes
1205 2237 1376 2269 Amuratis
1403 2237 1520 2269 filius:
1549 2239 1647 2282 prius

218 2285 332 2313 tamen
359 2292 436 2313 cum
463 2287 562 2324 parte
587 2281 764 2324 copiarum
788 2286 908 2312 contra
921 2282 1125 2323 Illyriosire
1143 2282 1442 2315 iussit'sherizem
1459 2289 1494 2316 et
1511 2284 1646 2317 Haliem

218 2327 400 2359 Michaelis
432 2327 556 2359 filium.
606 2332 787 2370 praeterea
814 2326 936 2358 eodem
967 2332 1123 2370 tempore
1150 2327 1281 2359 bellum
1315 2330 1344 2360 ei
1375 2335 1448 2362 erat
1474 2341 1549 2362 cum
1564 2330 1648 2362 Col-

219 2373 328 2405 chidis
355 2384 447 2416 rege,
473 2374 533 2417 qui
562 2378 723 2416 praeerat
755 2373 982 2416 TrapezuntL
1007 2374 1150 2405 mittens
1178 2374 1284 2415 igitur
1307 2376 1475 2414 triremes,
1501 2387 1646 2420 quarum

218 2419 288 2451 dux
318 2425 394 2452 erat
422 2419 588 2462 Clietyres
616 2419 775 2450 Amasiae
801 2419 1015 2463 praefectus,
1040 2419 1244 2452 Colchidem
1273 2426 1308 2452 et
1324 2422 1533 2454 maritimam
1559 2423 1644 2454 Col·

217 2465 329 2498 chidis
356 2466 530 2508 regionem
557 2465 747 2497 evastabat.
798 2465 857 2496 ubi
883 2466 992 2507 igitur
1015 2476 1100 2497 voce
1126 2467 1317 2508 praeconis,
1345 2478 1447 2511 quem
1473 2479 1536 2512 per
1564 2469 1645 2500 uni-

215 2523 351 2544 versum
379 2523 520 2554 regnum
547 2512 697 2550 miserat,
726 2511 899 2543 exercitus
923 2522 1003 2542 suos
1026 2511 1288 2556 Adrianopolim
1318 2514 1457 2553 excivit,
1485 2515 1520 2547 in
1547 2514 1646 2546 rnili-

217 2559 302 2590 tiam
332 2558 510 2602 profectus
536 2563 589 2589 est
613 2558 700 2600 ipse,
727 2556 857 2590 ducens
881 2558 1008 2588 ianuae
1046 2558 1176 2589 milites
1205 2564 1240 2590 et
1267 2559 1493 2602 peregrinos;
1518 2565 1553 2592 et
1579 2571 1645 2592 na·

217 2603 321 2635 vibus
349 2603 569 2636 subvebebat
595 2604 806 2647 camelisqne
835 2602 1000 2647 portabat
1027 2603 1116 2634 aeris
1142 2605 1331 2647 plurimum
1364 2605 1409 2637 ad
1435 2605 1643 2638 bombardas

217 2649 426 2689 fundendas,
456 2650 594 2694 iterque
620 2649 703 2682 fecit
729 2660 792 2692 per
807 2649 1042 2682 Triballorum
1074 2651 1264 2691 regionem.
1314 2651 1553 2684 Triballorum
1573 2651 1644 2684 dux

216 2695 442 2739 hospitaliter
468 2701 502 2728 et
525 2695 678 2740 benigne
703 2706 818 2739 regem
843 2701 878 2728 et
904 2694 1009 2727 duces
1032 2698 1206 2737 tractavit,
1230 2697 1405 2730 mittendo
1428 2697 1472 2731 iis
1497 2708 1642 2731 munem
