1858 3210
467 165 540 203 DE
582 163 756 204 REBUS
795 159 1049 202 TURClClS
1075 161 1121 201 L.
1150 162 1222 201 VI.
1493 154 1589 200 323

127 277 244 318 μενοι
273 261 330 311 ὥς
358 260 543 316 τριήρων
570 263 643 303 καί
667 261 772 303 νεῶν
802 260 1152 314 παραγενομένων
1175 261 1324 316 σφίσιν
1353 260 1395 308 ἐς
1409 261 1479 302 τόν
1499 256 1591 300 Ἑλ-

127 329 383 385 λήσποντον,
422 324 530 370 ὥστε
570 327 719 369 α’πόντι
761 327 879 381 αὐτῷ’
908 327 952 373 ἐς
986 323 1062 378 τήν
1085 325 1236 367 Ἀσίαν
1270 325 1330 379 μή
1362 327 1591 379 ἐπιτρέψαι

128 397 328 451 διαβῆναι
356 396 400 444 ἐς
427 393 500 449 τήν
526 391 748 448 Εὐρώπην,
773 393 930 445 affuere?
950 385 1003 433 ἂν
1029 393 1190 445 γένοιτο
1210 397 1344 435 ταῦτα
1373 395 1592 448 χειρωθῆ-

129 477 202 505 ναι
226 460 279 504 τὰ
310 461 536 516 πράγματα
580 459 736 501 αὐτοῦ·
805 457 890 500 εἴτε
917 457 962 499 τὸ
1001 458 1078 511 τῆς
1107 457 1319 514 Εὐρώπης
1345 459 1592 512 στράτευμα

73 528 212 577 ἐστὶν
225 530 286 586 τῷ
297 525 535 583 Ἀμουράτῃ
552 523 946 579 οἶπομονωθὴσεται,
960 523 1096 566 οὐκέτι
1113 526 1174 572 εἰς
1190 531 1338 579 χεῖρας
1353 532 1440 575 τοῖς
1454 525 1594 568 Παίο-

129 612 198 639 σιν
217 596 325 638 ἰέναι
352 593 560 646 ἐθελήσει.
613 590 800 644 ἔπεμπον
830 591 877 632 δὲ
907 589 980 632 καί
1009 590 1053 639 ἐς
1083 588 1182 638 τούς
1203 590 1394 641 Κελτοὺς
1420 593 1495 634 καί
1522 591 1596 634 τὸν

130 661 447 717 Βουργουντίας
478 656 673 714 ἡγεμόνα,
698 657 1082 710 ἀναμιμνήσκοντες
1103 656 1160 706 ὥς
1180 658 1335 698 δίκαιοι
1366 653 1449 699 εἶεν
1478 659 1640 711 δίκηνι)

130 725 390 784 πράττεσθαι
419 728 502 769 τῶν
532 727 576 767 ἐν
605 727 662 782 τῷ
690 726 857 781 πολέμῳ
878 721 1138 777 Παιαζήτεω
1160 722 1462 765 α’ποθανόντων
1485 727 1596 765 Κελ-

128 796 213 837 τῶν
240 791 311 836 διὰ
342 791 418 847 τήν
446 793 523 834 τοῦ
548 789 860 845 Σιγισμούνδου
888 787 1204 844 ἀγνωμοσύνην.
1262 790 1595 842 συνεπελάβοντο

77 862 212 914 ιομὲν
237 855 316 902 οὖν
344 858 424 902 σύν
452 861 509 915 τῷ
544 854 742 912 ἀρχιερεῖ
757 855 1002 910 Ῥωμαίων,
1032 854 1107 898 καί
1129 856 1318 911 τριήρεις
1346 858 1597 909 ἐπλήρωσαν

132 928 263 979 δέκα,
299 926 374 968 ε’πί
403 923 701 980 “Ηλὴσποντον
741 926 988 975 πέμποντες.
1062 923 1135 965 καί
1162 921 1389 977 οἷρχιερεύς
1418 925 1465 964 δὲ
1495 925 1596 964 δέκα

129 989 263 1042 ἄλλας
297 988 524 1047 πληρώσας
564 992 813 1032 α’πέστελλεν
838 990 911 1031 ἐπὶ
934 991 1115 1042 βασιλέα
1143 991 1355 1045 Ἰωάννην,
1386 989 1444 1039 ὥς
1473 1005 1597 1043 ποιη-

129 1060 333 1112 σομένους
359 1056 390 1100 ὃ
417 1057 620 1099 ὖποθοῖτο
640 1057 788 1105 αὐτοῖς
816 1054 1029 1110 βασιλεύς.
1087 1049 1206 1098 οὗτοι
1233 1058 1312 1109 μὲν
1340 1051 1418 1097 οὖν
1448 1055 1600 1112 α’φικό-

129 1139 248 1178 μενοι
277 1125 321 1174 ἔς
346 1123 420 1166 τὸν
441 1123 742 1178 Ἑλλήσποντον
769 1119 996 1164 διεκώλυον
1026 1120 1298 1177 Ἀμουροῖτεω
1328 1123 1408 1164 tofi
1438 1125 1482 1172 ἐς
1521 1121 1598 1178 τὴν
1610 1129 1654 1164 V.
1671 1128 1738 1162 134

75 1198 118 1232 15
132 1190 341 1247 Εὐρώπην
371 1193 585 1246 διαβῆναι.

270 1255 398 1300 Κατὰ
442 1259 490 1299 δὲ
514 1257 588 1311 τὴν
629 1253 837 1309 παράλιον
869 1258 942 1310 τῆς
974 1257 1249 1303 Μακεδονίας
1285 1255 1328 1303 ἐς
1356 1253 1428 1297 τόν
1452 1253 1597 1298 Ἰόνιον

131 1323 354 1377 συνέβαινε
381 1323 539 1364 τοιάδε.
571 1321 627 1371 ὥς
655 1321 734 1375 γὰρ
766 1321 1047 1376 προσδόκιμοι
1079 1317 1188 1376 ἦσαν
1218 1319 1255 1362 οἱ
1277 1323 1466 1370 Παίονες
1494 1322 1598 1376 α’φί..

132 1392 283 1440 ξεσθαι
311 1384 440 1438 αὖθις
463 1392 505 1438 ἐς
538 1389 615 1442 τὴν
642 1388 865 1444 Εὐρώπην,
896 1388 952 1436 ὥς
981 1386 1189 1438 ἐξελόντες
1211 1385 1426 1443 Τούρκους
1455 1403 1500 1429 τε
1527 1387 1600 1428 καί

126 1451 370 1510 Ἀμουρὰτη
414 1457 461 1498 ἐκ
489 1458 565 1510 τῆς
594 1454 831 1510 Εὐρώπης,
869 1454 1111 1510 προϊδόντες
1147 1451 1211 1496 ὅτι
1249 1453 1388 1496 ἔσοιτο
1418 1448 1546 1501 αὖθις
1575 1450 1643 1496 όΡ.
1661 1463 1724 1496 171

72 1531 120 1567 20
132 1520 314 1574 πόλεμος
345 1525 666 1578 (προηγγέλλετο
694 1520 774 1576 γὰρ
809 1521 1034 1577 ἁπανταχῇ
1060 1523 1112 1577 τῇ
1138 1518 1325 1577 Εὕραὸπῃ
1354 1517 1410 1568 ὥς
1442 1522 1597 1562 συλλέ-

127 1585 268 1642 γοιντό
298 1602 343 1629 τε
371 1582 500 1636 αὖθις
523 1587 881 1641 στρατευσόμενοι
911 1586 950 1629 οἱ
980 1586 1168 1635 Παίονες
1198 1585 1272 1627 καί
1303 1584 1596 1641 ὁΈλλήσπον-

128 1669 199 1704 τος
233 1650 316 1695 ὑπὸ
362 1654 447 1696 τῶν
473 1651 679 1709 ἑσπερίων
720 1655 988 1710 κατέχοιτο),
1035 1651 1215 1712 ὥρμητο
1249 1654 1323 1695 καί
1362 1653 1490 1701 αΰτός
1531 1668 1596 1702 τις

223 1771 258 1804 3.
283 1770 422 1819 ταύτῃῖ
538 1771 572 1804 4.
599 1774 633 1806 εἰ
656 1765 731 1818 γὰρ
759 1766 829 1807 zo?
927 1772 981 1805 12.
1011 1771 1228 1807 ὑπέστελλεν
1253 1772 1277 1805 Ρ
1436 1770 1491 1804 18.
1520 1771 1595 1812 ἐξε-

226 1818 396 1857 aeones?
424 1830 470 1852 an
493 1818 708 1860 ἐξελῶντες-ἓ

133 1929 271 1974 legatos
294 1931 394 1963 misit
416 1929 462 1964 ad
491 1931 686 1964 Romanum
704 1931 929 1975 pontificem,
956 1930 1200 1970 consulentes,
1224 1930 1251 1963 si
1277 1929 1440 1964 triremes
1466 1936 1502 1963 et
1527 1941 1595 1964 na-

131 1988 193 2011 ves
219 1976 455 2011 adventarent
483 1978 519 2011 in
547 1978 846 2022 Hellespontum,
874 1978 1007 2024 quibus
1046 1977 1342 2023 praecluderetur
1367 1978 1526 2011 Amurati
1555 1978 1593 2011 in

133 2023 310 2070 Europam
335 2026 519 2066 transitus,
545 2027 749 2058 Amuratem
779 2025 885 2058 facile
919 2025 1096 2058 debellari
1121 2036 1239 2071 posse.
1301 2026 1330 2058 si
1357 2025 1452 2058 enim
1479 2025 1593 2058 Euro-

131 2080 201 2117 pae
225 2072 403 2105 exercitus
429 2073 527 2105 solus
552 2072 648 2116 apud
663 2073 867 2105 Amor-atem
894 2072 1038 2105 relictus
1065 2073 1186 2112 fuerit,
1212 2071 1310 2106 haud
1337 2083 1497 2117 pugnare
1524 2071 1593 2104 ad-

130 2129 254 2152 vertus
279 2119 467 2152 Pannones
496 2120 604 2152 volet.
657 2120 766 2164 legati
792 2121 843 2152 ire
868 2120 954 2152 iussi
982 2125 1066 2153 sunt
1088 2119 1133 2153 ad
1158 2119 1284 2152 Gallos
1311 2125 1348 2153 et
1365 2118 1591 2162 Burgundiae

131 2163 272 2206 (lucem,
295 2166 332 2199 in
357 2167 563 2199 memoriam
584 2172 792 2200 revocantes
812 2166 950 2200 cladem
981 2179 1087 2211 quam
1106 2167 1268 2212 perpessi
1294 2171 1379 2199 sunt
1403 2166 1469 2199 sub
1487 2166 1592 2199 Paia-

130 2212 202 2246 nite
241 2212 483 2259 imprudentia
522 2213 752 2257 Sigismundi.
812 2226 890 2247 eam
924 2213 1090 2255 cladem,
1116 2215 1144 2247 si
1170 2212 1279 2247 modo
1311 2213 1436 2253 velint,
1463 2213 1590 2246 ‘I'urcis

132 2258 236 2293 reddi
258 2270 375 2304 posse.
400 2259 617 2294 adiuverunt
642 2262 768 2307 itaque
800 2262 999 2295 Romanum
1023 2261 1245 2307 pontificem,
1272 2266 1308 2293 et
1333 2261 1498 2294 triremes
1523 2260 1590 2292 im·

131 2306 322 2351 pleverunt
345 2306 480 2348 decem,
505 2319 591 2354 quas
618 2309 654 2341 in
683 2309 956 2352 Hellespontum
988 2306 1128 2342 misere.
1190 2309 1300 2341 etiam
1327 2307 1493 2352 pontifex
1523 2312 1588 2339 de-

131 2363 207 2386 cem
231 2354 395 2388 triremes
435 2355 607 2389 instruxit
631 2361 668 2389 et
693 2356 872 2390 militibus
917 2356 1110 2401 complevit
1139 2360 1175 2388 et
1199 2354 1244 2388 ad
1270 2365 1388 2398 regem
1417 2355 1588 2386 loannem

131 2400 241 2441 misit,
268 2401 371 2445 quasi
396 2402 553 2435 facturus
580 2414 675 2448 quae.
705 2415 764 2437 rex
790 2405 1010 2449 imperasset.
1069 2403 1257 2436 venientes
1298 2402 1406 2446 igitur
1434 2402 1473 2434 in
1497 2401 1587 2434 Hel-

131 2447 340 2493 lespontum
366 2448 634 2494 prohibuerunt
659 2450 822 2496 Europae
847 2462 990 2484 accessu
1016 2450 1233 2483 Amuratem.

251 2494 348 2527 Haec
374 2501 492 2529 autem
518 2496 726 2531 acciderunt
752 2498 851 2530 iuxta
891 2497 1105 2531 maritimam
1130 2495 1366 2530 Macedoniae
1390 2494 1585 2537 regionem,

129 2551 251 2575 versus
278 2542 433 2575 lonium.
482 2554 562 2577 cum
587 2543 680 2577 fama
707 2545 844 2578 volaret
877 2545 1064 2579 Pannoues
1106 2544 1144 2577 in
1179 2543 1284 2576 armis
1310 2553 1387 2575 esse
1416 2547 1452 2575 et
1474 2540 1584 2574 adve-

128 2588 207 2622 nire
241 2589 278 2622 in
313 2589 516 2635 Europam,
544 2595 584 2624 ut
622 2591 707 2624 inde
749 2592 925 2625 eiicerent
959 2593 1098 2625 Turcos
1138 2595 1175 2623 et
1199 2591 1415 2629 Amuratem‚
1441 2589 1584 2634 iamque

129 2645 253 2669 omnes
277 2634 414 2669 bellum
450 2643 681 2682 expectarent
704 2638 801 2671 haud
827 2638 937 2672 dubie
961 2638 1162 2676 imminens,
1188 2637 1273 2681 quia
1301 2636 1407 2675 longe
1436 2635 1583 2682 lateque

130 2692 250 2715 rumor
273 2683 562 2718 increbrescebat
585 2685 769 2719 Pannones
793 2686 988 2719 exercitum
1015 2683 1222 2718 couci-ibere
1246 2688 1284 2717 et
1305 2683 1583 2728 Hellespontum

129 2729 199 2762 iam
212 2729 256 2763 ab
273 2729 570 2765 Occidentalibus
593 2743 670 2766 esse
693 2738 924 2778 occupatum,
948 2731 1079 2777 singuli
1104 2731 1261 2765 animum
1278 2731 1517 2766 intendebant
1536 2732 1582 2765 ad
