1774 3204
224 173 321 217 522
538 178 756 220 LAONICI
798 178 1304 222 CHALCOCONDYLAE

222 275 360 324 μέντοι
391 274 596 326 ἀπέλαβον
624 273 700 328 τήν
727 277 850 329 νῆσον
867 274 906 316 οἱ
925 273 1125 331 Ἓλληνες,
1155 276 1376 327 ἀποδόντες
1391 279 1438 319 τὸ
1453 280 1575 333 χρέος
1597 279 1654 334 τῷ

222 340 439 393 Μαρτίνῳ.
515 337 619 389 μετὰ
670 339 716 380 δὲ
750 340 878 381 ταῦτα
914 341 1069 393 ἐγένετο
1111 340 1191 382 Ιὑπὸ
1224 343 1434 398 Ἰανυῖοις,
1477 339 1654 395 ὕστερον

221 401 358 458 χρόνῳ
376 402 426 442 ου’
444 405 580 457 πολλῷ
597 402 806 457 τριήρεσιν
823 406 1086 459 α’φικομένοις
1101 405 1174 446 καί
1186 410 1568 460 παραστησαμένοις
1581 405 1656 459 τήν

223 467 366 507 πόλιν·
425 465 498 514 οὕς
527 463 620 508 οὕτε
650 468 672 521 ἢ
703 468 820 516 πόλις
846 471 1076 521 ἐξέπεμψεν
1094 470 1165 511 ἑπί
1187 469 1262 524 τήν
1282 474 1354 525 τῆς
1376 471 1503 525 νήσου
1529 487 1656 512 κατα-

223 532 421 586 στροφήν,
449 528 540 574 οὕτε
569 535 684 589 κοινῇ
712 532 792 574 ὑπὸ
822 536 904 575 τῶν
938 537 1064 575 τελῶν
1094 536 1428 591 ἐξεπέμφθησαν,
1458 536 1548 578 ἀλλ’
1577 537 1688 581 ati-5

223 595 291 636 τοί
317 596 553 651 ὡρμημένοι
583 595 622 638 οἷ
648 598 766 639 ἐννέα
795 600 934 640 οἰκιῶν
970 597 1180 652 γενόμενοι
1207 595 1401 654 ἄρχοντες
1427 601 1504 655 τήν
1532 602 1656 654 νῆσον

225 663 565 716 κατεστρέψαντο,
593 665 666 703 καί
690 662 733 704 τὸ
768 662 848 704 dud
879 666 1003 704 τοῦδε
1031 666 1184 719 ταύτην
1211 663 1267 713 αἷς
1296 667 1419 721 σφίσι
1441 680 1485 707 τε
1513 665 1656 713 αὐτοῖς

225 727 297 764 καί
325 730 411 772 τοῖς
439 727 484 766 ἐν
511 728 561 781 τῇ
591 726 705 767 πόλει
732 727 994 780 μετριώτατα
1022 729 1306 782 διαιτώμενοι,
1337 731 1450 785 κοινῇ
1477 727 1550 782 τήν
1581 727 1654 768 πό-

225 794 289 831 λιν
317 791 517 848 διῴκουν,
546 793 866 846 ε”ξωνησαμένων
905 790 1008 843 μετά
1039 795 1171 835 ταῦτα
1199 794 1269 835 καί
1296 793 1373 842 τὰς
1399 795 1472 848 τῆς
1499 792 1656 840 πόλεως

182 868 268 900 nte
297 855 368 894 καί
395 853 519 908 νήσου
545 857 695 907 μοίρας
727 856 807 896 τῶν
836 856 918 896 α’πό
952 858 1024 910 τῆς
1058 857 1215 911 Ἰανύης
1243 858 1415 911 ἀνδρῶν,
1444 859 1549 911 μέγα
1579 858 1725 914 dns-10*

225 921 411 970 ναμένων
441 920 482 966 ἐς
505 921 679 960 πλοῦτον
710 917 779 960 δια
808 918 881 972 τήν
918 923 989 973 τῆς
1018 924 1226 975 μαστίχης
1258 921 1486 975 πρόσοδον·
1540 923 1657 976 κοινῇ

223 982 302 1034 γὰρ
334 981 384 1036 δή
414 979 522 1036 αὕτη
554 980 577 1037 ἦ
610 985 731 1037 νῆσος
759 985 840 1024 τῶν
870 985 915 1024 ἐν
943 986 999 1040 τῷ
1025 985 1190 1042 Αἰγαίῳ
1224 988 1344 1041 φέρει
1373 984 1530 1039 καρπὸν
1556 987 1658 1027 τοῦ-

90 1056 211 1090 v.217
225 1062 292 1088 τον
319 1046 375 1095 ὥς
401 1050 590 1088 πλεῖστον
609 1081 619 1100 ,
647 1050 717 1088 καί
756 1047 1024 1100 ἐργαζόμενοι
1063 1050 1368 1102 χρηματίζεται
1392 1048 1582 1103 μεγάλως
1610 1051 1657 1090 ἐν

223 1110 370 1168 τούτῳ.
427 1113 557 1165 διέχει
598 1113 644 1153 δὲ
681 1111 847 1154 ἔλαττον
889 1111 1014 1169 ταύτῃ
1050 1113 1131 1154 α’πό
1171 1115 1246 1168 τῆς
1269 1114 1432 1166 Ἀσίας,
1461 1115 1658 1161 σταδίους

224 1175 325 1216 ὡσεί
354 1175 603 1229 πεντήκοντα
648 1175 833 1228 μα’λιστά
864 1193 935 1232 πῃ.
1005 1179 1219 1219 διοικεῖται
1258 1179 1304 1219 δὲ
1334 1178 1359 1231 ἢ
1395 1175 1513 1226 πόλις
1549 1174 1657 1230 αὕτη
1673 1192 1714 1225 15

223 1238 306 1279 ὑπὸ
339 1241 421 1280 τῶν
449 1240 565 1280 ἐννέα
595 1239 822 1295 ἀρχόντων,
848 1239 922 1293 τήν
942 1256 987 1282 τε
1011 1243 1135 1294 νῆσον
1161 1241 1297 1296 ἀρχὴν
1323 1240 1375 1283 τὰ
1407 1245 1552 1296 πρῶτα
1580 1257 1656 1282 κα-

223 1303 465 1358 τασχόντων
503 1303 575 1346 καί
602 1301 774 1359 ὕστερον
814 1300 951 1347 ἄλλων
993 1303 1338 1360 ἐξωνησαμένων,
1369 1304 1469 1348 κατὰ
1500 1304 1552 1348 τὰ
1581 1304 1660 1346 πά-

223 1383 320 1421 τρια
350 1371 432 1410 τῶν
469 1366 513 1409 ἐν
554 1371 603 1423 τῇ
646 1368 764 1410 πόλει
806 1369 944 1411 οἰστῶν
983 1370 1064 1411 α’πὸ
1102 1371 1181 1411 τῶν
1214 1368 1414 1424 Ἑλλήνων
1440 1372 1658 1423 βασιλέων.

223 1433 436 1487 εὖνομήθη
453 1434 499 1474 δὲ
524 1436 595 1473 καί
622 1432 646 1486 ἦ
677 1433 794 1481 πόλις
816 1436 888 1487 τῆς
917 1436 1027 1476 Χίου
1055 1434 1237 1486 μάλιστα
1259 1433 1307 1488 δή
1327 1433 1484 1475 πόλεων
1512 1437 1593 1475 τῶν
1615 1431 1660 1474 ἐν

224 1503 317 1546 ταῖς
343 1496 482 1550 νήσοις
513 1496 696 1550 ταύταις,
724 1501 795 1540 καί
821 1500 1052 1553 προσοδίων
1079 1497 1305 1554 ἱκανωτάτη
1326 1498 1446 1552 ἔσχεν
1472 1499 1497 1552 ἦ
1527 1498 1657 1552 πόλις,
1670 1514 1716 1547 20

225 1559 333 1603 οιῗστε
359 1564 430 1604 sm*
452 1565 559 1615 μέγα
585 1558 710 1615 ὄλβου
754 1564 984 1618 ἀφικέσθαι
1024 1563 1122 1613 τούς
1163 1563 1236 1617 τήν
1273 1561 1394 1605 πόλιν
1421 1562 1542 1617 τήνδε
1571 1565 1660 1604 διέ-

230 1641 393 1676 ποντας.

319 1724 351 1756 3.
378 1728 725 1771 παριιστησομένοις
747 1727 772 1760 Ρ
917 1726 949 1759 7.
974 1727 1025 1770 τῷ
1048 1722 1119 1759 ὑπό
1150 1725 1176 1758 P
1307 1726 1359 1758 11.
1385 1723 1501 1771 κοινῇ]
1530 1725 1626 1770 μόνη
1644 1724 1660 1756 ἐ’

325 1770 380 1803 17.
409 1769 517 1818 κατὰ]
543 1769 634 1806 αὐτοὶ
662 1774 685 1806 Ρ
778 1771 834 1806 20.
859 1771 1064 1817 προσόδων
1087 1771 1322 1807 hamram?
1413 1771 1471 1804 21.
1501 1768 1610 1815 ὄλβον
1635 1770 1659 1802 Ρ

230 1860 317 1892 haec
341 1860 378 1893 in
402 1862 629 1894 Ianuensium
653 1861 851 1903 dicionem3
877 1862 952 1906 qui,
977 1873 1053 1894 curn
1082 1871 1154 1893 non
1180 1860 1328 1893 multum
1358 1860 1526 1904 temporis
1548 1860 1661 1892 inter-

230 1907 395 1946 venisset,
418 1907 638 1941 advenerunt
665 1919 743 1940 cum
767 1907 981 1947 triremibus,
1005 1913 1044 1940 ut
1064 1907 1184 1939 urbem
1211 1917 1286 1938 eam
1314 1911 1494 1950 caperent.
1541 1906 1663 1938 hinec

231 1953 450 1995 magistratus
477 1965 647 1987 consensu
676 1960 712 1986 et
737 1954 922 1987 voluntate
946 1953 1040 1986 missi
1066 1958 1176 1992 erant,
1203 1958 1242 1985 ut
1267 1953 1417 1998 insulam
1443 1959 1516 1984 eam
1543 1952 1580 1983 in
1605 1951 1661 1983 di-

231 1999 368 2031 cionem
398 1999 608 2043 reciperent,
633 2011 752 2032 verum
780 2010 842 2031 sua
874 2005 1025 2044 sponte,
1052 2010 1128 2031 cum
1159 2003 1275 2031 essent
1302 2009 1426 2031 novem
1454 1997 1663 2030 familiarum

231 2045 298 2076 viri
327 2045 514 2089 principes,
539 2045 582 2077 ab
610 2045 713 2079 domo
738 2046 887 2090 profecti
925 2046 1072 2078 insulam
1106 2056 1180 2077 eam
1210 2044 1392 2087 subegere.
1443 2054 1485 2076 ex
1504 2053 1545 2075 eo
1571 2049 1662 2076 tem-

233 2101 318 2134 pore
342 2093 517 2124 communi
544 2091 691 2123 consilio
717 2102 841 2133 magna
861 2091 1047 2124 concordia
1071 2091 1190 2123 urbem
1208 2091 1458 2132 gubernarunt,
1482 2100 1566 2121 cum.
1584 2089 1664 2120 ubi-

234 2148 303 2180 que
328 2138 482 2180 ipsorum
512 2138 547 2170 in
571 2137 676 2169 rebus
711 2137 872 2180 gerendis
906 2137 1080 2170 modestia
1108 2137 1274 2169 eluceret.
1338 2135 1480 2168 tandem
1505 2135 1600 2166 urbis
1628 2139 1664 2167 et

234 2183 372 2215 insulae
399 2188 516 2227 partes
541 2188 703 2215 emerunt
740 2183 804 2215 viri
831 2184 1020 2216 lanuenses
1037 2207 1046 2222 ,
1075 2183 1136 2226 qui
1160 2183 1349 2226 plurimum
1375 2180 1563 2226 pollebant
1584 2181 1663 2224 opi-

235 2228 312 2267 bus,
336 2234 482 2274 propter
507 2230 660 2262 masticis
685 2228 838 2261 reditum
879 2234 914 2261 et
939 2234 1157 2273 proventum.
1217 2227 1334 2259 insula
1357 2237 1508 2271 namque
1535 2226 1602 2258 ista
1627 2226 1664 2257 in

235 2275 321 2307 mari
353 2277 490 2318 Aegaeo
530 2276 597 2308 sita
629 2275 782 2307 masticis
818 2275 966 2307 fructum
1012 2274 1127 2306 reddit
1161 2273 1392 2313 uberrimum3
1421 2277 1456 2304 et
1488 2273 1548 2316 qui
1582 2271 1666 2304 huic

236 2321 335 2364 operi
364 2326 446 2354 sunt
469 2321 610 2360 intenti,
635 2321 730 2353 lucra
755 2321 864 2353 multa
888 2321 1016 2354 ferunt.
1066 2319 1153 2352 haec
1177 2324 1293 2352 autem
1321 2319 1436 2351 minus
1456 2322 1592 2350 remota
1620 2317 1665 2350 ab

235 2367 317 2399 Asia
342 2373 396 2400 est
419 2379 522 2412 quam
545 2367 754 2411 praedicta,
779 2367 808 2399 si
833 2366 976 2410 quidem
1001 2366 1122 2400 stadiis
1153 2366 1303 2397 maxime
1329 2363 1584 2409 quinquaginta
1609 2374 1666 2395 se-

236 2418 331 2457 ptem
357 2412 400 2445 ab
430 2424 470 2445 ea
501 2412 623 2446 dissita
663 2418 726 2445 est.
788 2412 1000 2454 gubernatur
1039 2424 1058 2444 a
1095 2411 1314 2455 principibus
1340 2411 1412 2443 illis
1439 2420 1578 2448 novem,
1605 2409 1667 2453 qui

236 2459 350 2503 primo
377 2470 452 2491 eam
484 2459 632 2491 insulam
660 2458 714 2491 sui
743 2459 826 2490 iuris
853 2458 1038 2496 fecerunt,
1065 2468 1206 2490 necnon
1230 2457 1273 2489 ab
1299 2457 1391 2495 aliis,
1419 2456 1480 2501 qui
1498 2461 1666 2499 postmo-

237 2505 319 2536 dum
344 2505 475 2548 patrias
505 2505 607 2537 urbes
647 2506 682 2536 in
708 2516 748 2536 ea
782 2504 895 2536 insula
933 2504 976 2536 ab
1003 2504 1215 2536 Graecorum
1253 2502 1392 2546 regibus
1431 2501 1664 2534 redemerunt,

237 2551 444 2594 metropolis
465 2551 543 2583 Chii
563 2551 703 2595 optimis
725 2551 856 2593 regitur
880 2549 1026 2593 legibus,
1050 2561 1115 2582 nec
1136 2549 1198 2581 ulli
1218 2551 1374 2581 omnium
1398 2547 1546 2587 urbium,
1574 2557 1664 2591 quae

238 2597 272 2628 iu
299 2596 375 2628 istis
401 2598 526 2630 insulis
555 2597 837 2641 frequentantur,
862 2596 1066 2640 disciplinae
1104 2594 1290 2628 sanctitate
1323 2594 1472 2627 inferior
1498 2597 1560 2626 est.
1611 2600 1667 2624 re·-

238 2642 333 2674 ditus
361 2642 469 2676 habet
491 2644 730 2686 largissimos,
756 2643 818 2686 qui
845 2642 1055 2676 incredibile
1091 2647 1144 2674 est
1170 2640 1267 2674 dictu
1293 2644 1442 2686 quantas
1470 2649 1556 2683 opes
1579 2649 1666 2682 sup-

239 2687 403 2734 peditent
431 2689 473 2722 iis
500 2690 561 2734 qui
581 2700 656 2723 eam
682 2694 816 2732 regunt.
