1884 3178
218 179 442 223 LAONlCl
465 179 817 223 CHALCOCON.
847 181 919 221 DE
943 181 1068 222 REB.
1089 180 1252 223 TURC.
1280 183 1398 223 1,.11.
1508 175 1570 222 59

101 283 262 334 ἐγένετο
288 284 392 336 παρ’
421 281 547 338 αὐτῷ,
575 281 824 338 συνελήφθη
855 282 928 323 καί
958 280 1212 335 ἐτελεύτησε.
1260 280 1333 323 καὶ
1359 279 1574 336 ἐχρήσατο

101 342 127 404 ᾗ
154 345 368 400 νομίζεται
408 353 492 396 τοῖς
531 348 610 390 τοῦ
646 350 791 401 γένους
818 348 945 389 τοῦδε
972 349 1220 399 βασιλεῦσιν
1247 349 1290 397 ἐς
1322 345 1423 396 τούς
1449 345 1572 388 α’δελ-
1587 355 1682 390 Ρ.δι

105 412 216 470 φούς
243 419 409 466 ποιεῖν,
451 413 507 462 ὥς
550 411 708 470 ἀγχόνῃ
738 413 827 455 δέοι
855 414 1059 454 τελευτᾶν
1094 414 1169 454 τὸν
1197 415 1291 467 βίον
1323 413 1395 454 ὑπ’
1425 411 1573 463 αὐτοῦ,

105 482 178 522 καί
205 479 258 521 ου’
283 479 447 537 σιδήρῳ
474 479 732 531 νενόμισται.

71 552 94 586 5
209 541 281 594 Ὡς
309 547 388 598 μὲν
419 541 495 587 οὖν
519 546 578 603 τῷ
603 547 778 597 βασιλεῖ’
799 545 906 601 τῷδε
933 544 1172 599 ἐξείργαστο
1205 543 1256 586 τὰ
1286 546 1331 594 ἐς
1350 546 1420 586 τὸν
1446 544 1575 585 α’δελ-

105 612 189 668 φὸν
217 613 291 653 καί
316 613 552 667 ἐβασίλευε,
582 608 844 665 παρετάξατό
864 625 908 652 τε
928 610 1084 652 αὐτίκα
1105 611 1148 659 ἐς
1170 611 1329 665 μάχην,
1362 612 1435 652 καί
1461 626 1576 663 συμ-

103 675 246 731 βαλών
275 678 486 730 ἐτρέψατό
517 691 562 719 τε
606 675 705 726 τούς
741 674 1016 730 Τριβαλλούς.
1074 678 1146 717 καί
1174 677 1218 718 ἑν
1248 677 1346 733 τῇδε
1374 678 1425 732 τῇ
1453 675 1574 733 μα’χῃ

105 740 239 784 πολλοὶ
268 758 311 785 τε
346 742 564 796 ἀπεγένετο
601 745 678 784 τοῦ
722 739 1049 796 στρατεύματος.
1118 742 1175 791 ὥς
1213 740 1291 796 γὰρ
1324 741 1362 783 οἱ
1396 744 1576 794 Τοῦρκοι

103 811 356 864 ἐτρέψαντο,
389 811 621 862 ἐπεξῆλθον
650 807 867 857 διώκοντες
912 807 993 849 α’νὰ
1024 808 1191 862 κράτος,
1224 809 1298 849 καί
1326 808 1576 862 διέφθειρον

50 880 93 915 10
105 873 203 923 τούς
239 872 510 928 Τριβαλλούς,
543 872 738 916 ἱππεύειν
770 889 813 915 τε
846 869 963 922 ὄντες
990 876 1158 916 ἐκείνων
1186 876 1386 926 α’μείνους
1415 875 1489 915 καί
1508 876 1601 914 ΐπ-·

104 956 209 989 nove
246 938 353 982 πολῦ
393 943 587 994 βελτίους
614 940 802 994 ἔχοντες,
834 936 942 982 ὥστε
978 939 1317 993 καταλαμβάνειν
1344 938 1442 988 τούς
1472 935 1577 994 φεύ-

99 995 263 1060 ’γονταᾳ
319 1001 348 1064 ᾗ
376 1009 454 1059 μὲν
472 1002 547 1048 οὖν
574 1006 647 1048 ὑπ’
669 1004 875 1060 Ἑλλήνων
903 1007 1083 1060 λέγεται,
1111 1007 1243 1063 ταύτῃ
1273 1007 1463 1060 ἐγένετο·
1520 1005 1578 1054 ὦς

109 1075 155 1115 δὲ
184 1073 308 1115 αὐτοὶ
337 1074 513 1127 Τοῦρκοι
544 1069 702 1129 φασίν,
737 1073 787 1113 οὔ
818 1070 1080 1127 Παιαζὴτεω
1125 1074 1324 1126 γενέσθαι
1357 1069 1436 1126 τήν
1463 1073 1618 1126 νίκηνΒ

103 1139 238 1193 τήνδε,
267 1139 358 1181 ἀλλ’
388 1137 471 1180 ἀπὸ
494 1139 766 1193 Ἀμουροὶτεω
793 1139 867 1193 τήν
894 1154 938 1180 τε
968 1140 1111 1193 μάχην
1137 1140 1334 1193 γενέσθαι
1365 1130 1437 1180 iai
1464 1139 1579 1192 νίκην

50 1206 295 1256 ίὸἐκείνου,
348 1206 422 1246 καί
446 1205 693 1258 Ἐλεάζαρον
735 1203 807 1246 τὸν
859 1203 1043 1259 ἡγεμόνα
1087 1206 1283 1261 [ἐκείνου]
1323 1204 1391 1245 ὑπ’
1433 1205 1579 1261 ἐκείνῳ

106 1272 408 1326 στρατηγοῦντι
442 1273 675 1312 ‹ino-fravalv
705 1272 750 1312 ἐν
779 1272 828 1327 τῇ
855 1272 985 1327 μάχῃ.
1066 1274 1249 1326 Τοῦρκοι
1274 1271 1353 1323 μὲν
1382 1268 1434 1325 δὴ
1468 1267 1579 1311 οὕτω

110 1339 278 1390 λέγουσι
306 1339 527 1390 γενέσθαι,
556 1336 632 1377 οῦκ
671 1335 758 1390 ἔχω
791 1339 836 1378 δὲ
869 1340 1170 1390 συμβαλέσθαι
1200 1333 1257 1385 ὥς
1286 1338 1330 1378 ἑν
1359 1338 1411 1394 τῇ
1438 1353 1580 1390 παρα-

108 1405 226 1454 τάξει
271 1405 316 1446 ἐν
352 1406 512 1457 βραχεῖ
546 1403 632 1445 τινί
668 1401 809 1462 χρόνῳ
851 1402 924 1445 τόν
957 1419 1002 1444 τε
1038 1400 1223 1459 ἀδελφὸν
1264 1403 1404 1445 α’νεῖλε
1434 1404 1508 1443 καί
1535 1404 1579 1453 ἐς

110 1467 256 1524 μάχην
294 1470 522 1511 καθίστατο
562 1465 739 1523 αὖτίκα,
779 1471 871 1511 ἀλλ’
920 1469 1022 1512 ου’δὲ
1053 1467 1110 1518 ὥς
1157 1469 1367 1524 ἀράμενος
1396 1467 1578 1522 τὸιόόρυ

50 1543 97 1578 20
112 1535 199 1578 ἕλοι
229 1549 273 1578 τε
304 1534 376 1577 ἐπὶ
401 1534 473 1578 τὸν
498 1537 681 1588 βασιλέα
705 1538 776 1577 καὶ
806 1535 904 1587 ἐξίει
938 1534 1259 1591 διαχρήσασθαι
1289 1533 1467 1591 μηδενὸς
1498 1535 1578 1576 av·-

202 1663 232 1696 1.
260 1662 383 1699 αὐτῶν
409 1663 454 1696 P:
480 1673 559 1696 corr
584 1662 615 1695 H
713 1662 746 1696 3.
772 1662 815 1698 δέ
838 1663 877 1698 οἱ
903 1663 934 1697 Τ

106 1788 196 1812 uuas
221 1782 370 1810 vocatus
394 1777 517 1811 venire
560 1776 655 1809 haud
681 1777 898 1822 supersedit.
948 1778 1111 1811 venienti
1138 1778 1312 1811 Paiazites
1341 1789 1470 1812 manus
1496 1780 1575 1813 vio-
1620 1820 1621 1823 Ἴ

107 1825 223 1859 lentas
246 1824 344 1858 iniici
372 1830 482 1870 atque
509 1824 631 1858 necari
661 1824 766 1859 iubet
797 1826 955 1858 fratrem.
1007 1830 1045 1858 at
1068 1824 1283 1858 interfectus
1301 1831 1357 1859 est
1381 1825 1578 1861 secundum

107 1883 189 1905 eum
234 1882 368 1905 morem
401 1882 510 1917 quem
545 1871 744 1905 Turcorum
784 1883 883 1916 reges
921 1872 958 1904 in
999 1871 1225 1905 trucidandis
1252 1873 1425 1906 fratribus
1454 1874 1579 1908 obser-

106 1929 190 1952 vare
222 1918 354 1952 solent.
410 1918 508 1951 haud
550 1919 644 1951 enim
681 1918 776 1952 ferro
822 1919 1080 1960 obtruncatus,
1124 1930 1246 1952 verum
1284 1920 1417 1965 laqueo
1466 1932 1579 1967 prae-

107 1966 246 2001 focatus
274 1971 340 2007 est,
365 1965 671 2011 quemadmodum
708 1970 811 1999 tenet
843 1977 964 2011 regum
1000 1966 1146 1999 illorum
1179 1967 1415 2001 consuetudo.

202 2025 276 2059 Rex
290 2030 368 2059 c'um
386 2027 422 2059 in
438 2026 536 2060 hunc
555 2026 700 2060 modum
723 2025 867 2060 fratrem
886 2027 1108 2073 perdidisset
1124 2037 1347 2072 regnumque
1377 2025 1445 2059 sibi
1461 2025 1579 2060 stabi-

107 2071 257 2113 livisset,
282 2073 382 2106 illico
409 2075 528 2119 copias
545 2074 583 2107 in
608 2075 720 2107 aciem
742 2073 878 2116 eduxit,
901 2076 1166 2119 commissoque
1184 2073 1519 2119 praelioTriballos
1538 2075 1576 2109 in

108 2117 227 2163 fugam
245 2121 411 2154 coniecit.
438 2121 509 2154 isto
535 2121 574 2154 in
593 2121 733 2167 praelio
761 2132 866 2166 quain
894 2122 1102 2166 longissime
1135 2121 1181 2153 ab
1208 2122 1369 2154 exercitu
1395 2121 1434 2154 in
1453 2120 1576 2154 hostes

108 2171 252 2199 evectus
265 2173 329 2200 est.
352 2168 458 2201 Turci
485 2169 580 2201 enim
607 2168 739 2212 fugatis
756 2167 921 2202 hostibus
935 2169 1090 2202 insecuti
1108 2174 1194 2202 sunt
1210 2169 1413 2208 fortissime,
1431 2169 1578 2202 Tribal—

109 2213 256 2259 imque,
279 2225 370 2260 quos
384 2215 570 2261 equitandi
586 2217 715 2261 peritia
735 2215 1026 2257 antecedebant,
1052 2216 1132 2249 neci
1159 2215 1350 2249 dederunt.
1382 2226 1463 2248 nam
1490 2216 1575 2261 equi

107 2259 306 2294 'succorum
334 2263 448 2294 multo
477 2263 755 2307 praestantiores
781 2269 882 2296 erant
911 2265 1013 2308 equis
1037 2263 1303 2296 Triballorum:
1330 2261 1485 2308 proinde
1515 2264 1576 2295 su-

112 2308 251 2351 gientes
276 2308 381 2342 facile
397 2309 719 2355 indipiscebantur.
750 2311 778 2342 si
800 2311 944 2343 Graecis
962 2310 1050 2343 fides
1066 2309 1237 2344 habenda
1263 2315 1328 2350 est,
1354 2309 1514 2343 dicemus
1534 2321 1576 2346 eu

109 2365 203 2399 quae
229 2355 336 2389 modo
364 2356 598 2398 tradidimus,
639 2359 710 2391 isto
735 2363 842 2402 pacto
869 2358 1073 2402 contigisse.
1125 2358 1324 2392 Tui-corum
1351 2362 1470 2390 autem
1502 2357 1574 2390 alia

110 2411 219 2446 super
244 2401 299 2436 his
324 2409 380 2437 est
403 2405 594 2438 sententia.
649 2416 731 2438 nam
757 2404 952 2449 perhibent
984 2405 1086 2438 istam
1124 2405 1309 2438 victoriam
1338 2415 1412 2437 non
1439 2403 1574 2437 adseri·

109 2447 268 2482 bendam
295 2461 371 2483 esse
398 2451 559 2493 Paiaziti‚
594 2463 718 2485 verum
744 2453 919 2494 Amurati,
943 2453 1043 2485 cuius
1070 2452 1179 2486 ductu
1205 2451 1382 2496 praelium
1406 2451 1504 2484 istud
1529 2452 1576 2485 sit

110 2495 272 2538 sactum;
309 2497 507 2543 eademque
540 2499 689 2532 victoria
716 2500 902 2540 evenerit,
939 2511 1018 2532 cum
1049 2500 1126 2545 ipse
1155 2499 1361 2530 Eleazarum
1388 2497 1575 2531 Triballoa

109 2554 186 2576 rum
212 2542 338 2576 ducem
365 2545 402 2577 in
429 2557 470 2578 ea
495 2557 614 2591 pugna
643 2546 887 2580 trucidaverit.
947 2547 1056 2580 Turci
1083 2547 1121 2579 in
1147 2545 1244 2578 hunc
1271 2544 1431 2585 modum,
1457 2557 1575 2590 quan·

109 2594 186 2624 tum
210 2589 256 2623 ad
284 2591 381 2624 istud
415 2593 592 2637 praelium
621 2595 778 2634 attinet,
809 2595 981 2627 sentiunt.
1033 2598 1069 2626 at
1096 2603 1162 2637 ego
1187 2593 1428 2626 coniecturam
1454 2593 1574 2626 facere

109 2648 275 2682 nequeo,
303 2639 484 2683 quomodo
527 2641 564 2675 iu
593 2641 692 2682 acie,
725 2640 824 2674 brevi
852 2640 1042 2674 admodum
1082 2646 1244 2684 tempore
1270 2640 1473 2682 interiecto,
1499 2640 1576 2673 sra-

109 2688 199 2717 trem
225 2686 426 2722 necaverit.
449 2692 486 2720 et
511 2686 644 2721 deinde
672 2689 709 2720 in
737 2688 912 2733 praelium
954 2688 1054 2720 illico
1082 2686 1241 2719 redierit.
1294 2693 1480 2732 praeterea
1507 2686 1576 2720 ‹lu-

108 2730 186 2765 bito
211 2732 392 2778 quomodo
407 2733 588 2770 Triballus
613 2735 806 2781 arripuerit
831 2734 968 2769 hastam
993 2744 1184 2781 regemque
1214 2734 1310 2768 nisus
1337 2735 1383 2769 sit
1409 2734 1576 2780 perdere,
