1800 3172
291 198 380 247 140
619 205 836 247 momen
873 205 1379 247 CHALCOCONDYLAE

284 307 402 345 σιλέα
434 306 514 347 τοῦ,
536 305 677 345 Ὀδίεω
709 305 780 344 καί
808 303 911 358 πρὸς
941 304 1165 355 σύμπασαν
1191 304 1262 358 τήν
1292 304 1460 366 ἀγοράν,
1487 307 1710 359 ἐπιγαμῶν

284 383 326 408 τε
355 367 705 423 ὑπισχνούμενος,
745 371 815 409 καί
843 370 1024 416 σπονδάς
1051 383 1097 408 τε
1134 368 1380 422 ἐποιήσαντο
1419 372 1486 425 ἐφ’
1515 365 1548 428 ᾧ
1578 372 1716 422 ξένους

285 447 329 473 τε
356 434 429 473 καί
453 431 601 486 φίλους
629 429 737 474 εἶναι
766 430 968 484 ἀλλήλοις.
1579 440 1583 446 ’
1651 447 1653 449 ’

388 493 459 544 Ὡς
489 498 536 537 δὲ
564 495 614 538 τὰ
645 496 749 550 πρὸς
782 495 878 545 τούς
908 495 1074 545 Σκύθας
1103 499 1299 550 καθίστη,
1327 493 1506 551 ἤλαυνεν
1535 500 1606 540 ε’πί
1630 501 1714 540 Συ-

286 565 382 614 ριάν
411 565 562 615 κοίλην.
618 559 769 610 ἐλάσας
797 562 842 603 δὲ
871 563 942 602 ἐπὶ
959 561 1188 613 Δαμασκὸν
1215 561 1287 615 τήν
1313 577 1358 603 τε
1384 562 1503 604 πόλιν
1522 563 1747 616 §nvindo-5

286 641 373 679 κει,
404 627 477 666 καί
506 625 697 680 μηχανάς
726 627 975 680 προσφέρων
1002 627 1058 681 τῷ
1089 626 1219 678 τείχει
1247 622 1331 667 εἷλέ
1359 642 1403 669 τε
1429 627 1536 669 κατὰ
1566 626 1714 681 κράτος

286 691 359 746 τήν
389 690 508 732 πόλιν
539 691 610 732 καί
637 690 984 744 ἠνδραποδίσατο,
1016 688 1138 731 πόλιν
1162 693 1358 745 μεγίστην
1386 690 1438 745 δή
1468 691 1561 733 τότε
1588 687 1718 732 οὖσαν

287 758 357 796 καί
380 756 765 809 ειῖδαιμονεστοίτην,
794 756 1004 807 καμήλους
1018 770 1059 795 τε
1077 757 1271 796 ἐντεῦθεν
1299 756 1509 810 α’πήγαγεν
1534 757 1576 804 ἐς
1597 757 1715 797 ὀκτα-

287 822 516 872 κισχιλίους
543 819 618 867 τὰς
649 822 798 866 πάσας.
857 814 979 871 ὄλβον
1007 818 1054 872 δή
1083 821 1272 872 μέγιστον
1296 822 1340 860 ἐν
1365 819 1494 877 ταύτῃ
1523 822 1572 876 τῇ
1601 819 1717 862 πόλει

288 884 532 937 ληισάμενος
559 887 798 938 α’πήλαυνεν
837 885 967 926 ὀπίσω
996 886 1056 925 ἐπ’
1087 883 1223 936 οἴκου,
1250 885 1363 925 λείαν
1391 900 1436 925 τε
1466 883 1620 937 πολλὴν
1647 885 1774 925 uallo

286 950 516 1000 εὐδαίμονα
558 949 769 1002 ἀγόμενος.
836 949 1108 1001 ἑπρεσβεύετο
1148 950 1289 1000 μέντοι
1319 950 1389 990 καί
1417 947 1522 1003 πρὸς
1547 948 1617 990 τόν
1645 951 1716 1002 τῆς
1749 976 1752 977 ⁷

245 1020 271 1052 C
289 1014 490 1067 ΙΙΙέμφιος
517 1016 706 1067 βασιλέα,
723 1012 954 1054 Σουλδάνον
976 1010 1082 1054 οὕτω
1102 1012 1151 1067 δή
1185 1010 1338 1065 ἐξόχως
1358 1011 1622 1066 καλούμενον,
1649 1015 1721 1053 καί

285 1077 400 1131 ἠξίου
429 1079 567 1132 κοίλης
595 1080 753 1131 Συρίας
784 1078 1057 1131 ὑποχωρῆσαί
1083 1076 1146 1129 οἱ,
1174 1073 1278 1119 ὥστε
1308 1080 1348 1126 ἐς
1376 1077 1556 1127 σπονδάς
1585 1093 1628 1120 τε
1656 1079 1718 1119 ἰέ-

285 1157 350 1182 ναι
380 1137 492 1198 αὗτιξί
519 1141 591 1182 καί
630 1143 796 1196 εἰρήνην
824 1145 894 1183 ἐπί
929 1141 1055 1199 τούτῳ
1087 1146 1316 1184 ποιεῖσθαι.
1375 1142 1432 1191 ὥς
1459 1144 1506 1184 δὲ
1532 1144 1716 1197 προπέμ-

285 1221 399 1247 ποντι
441 1207 493 1246 ου’
518 1207 778 1260 προεχώρει,
819 1203 897 1261 ἤδη
935 1209 1383 1261 παρασκευασάμενος,
1425 1205 1528 1249 ἑλών
1565 1223 1609 1248 τε
1648 1209 1772 1249 καίῙὸ

286 1268 693 1323 ἀνδραποδισάμενος
718 1270 792 1323 τήν
820 1270 1044 1322 Δαμασκὸν
1076 1270 1195 1311 πόλιν
1225 1271 1479 1322 εδδαιζιιονα,
1508 1272 1718 1326 ἀπεχώρει

286 1335 343 1374 δι’
373 1335 507 1375 αἰτίαν
533 1333 583 1387 ἦν
613 1350 704 1375 τινα
733 1337 774 1383 ἐς
799 1335 843 1376 τὸ
878 1336 1020 1389 πρόσω
1050 1338 1123 1376 τοῦ
1149 1335 1271 1389 λόγου
1302 1334 1376 1377 ἰών
1405 1339 1590 1390 σημανῶ.

388 1398 436 1440 Ὁ
461 1401 508 1440 δὲ
536 1402 606 1453 τῆς
623 1402 828 1454 Μέμφιος
855 1400 1054 1453 βασιλευς
1079 1398 1227 1453 χώρας
1247 1415 1292 1440 τε
1322 1396 1446 1453 ἄρχει
1476 1402 1552 1441 οὐκ
1580 1400 1718 1454 ὀλίγης

252 1463 255 1465 ’
285 1464 358 1503 καί
387 1464 634 1515 εὐδαίμονος
651 1481 660 1491 ·
732 1464 813 1505 α’πὸ
845 1467 1032 1518 Ἀράβων
1074 1465 1301 1517 α’ρξάμενος
1329 1467 1484 1519 Συρίαν
1509 1480 1552 1506 τε
1580 1467 1718 1519 κοίλην

284 1527 356 1569 καί
383 1531 669 1583 Παλαιστίνην
694 1532 766 1570 καί
788 1529 1015 1582 σύμπασαν
1052 1530 1100 1583 δή
1133 1529 1347 1583 Αἴγυπτον
1374 1531 1447 1584 ὑφ’
1476 1529 1589 1586 αὑτῷ
1617 1528 1773 1582 ἔχει.20

283 1592 482 1645 βασιλεῦς
522 1595 568 1634 δὲ
607 1596 853 1635 καθίσταται
891 1597 962 1646 τῆς
992 1597 1193 1649 Μέμφιος
1235 1598 1307 1636 καί
1334 1596 1406 1649 τῆς
1434 1596 1567 1648 α’ρχῆς
1593 1594 1717 1648 τῆσδε

284 1656 424 1716 τρόπῳ
453 1659 612 1714 τοιῷδε.
670 1656 761 1700 ὅσοι
792 1661 872 1700 τῶν
900 1659 1174 1712 ἀνδραπόδων
1205 1661 1355 1714 α’ρετῆς
1381 1676 1418 1700 τι
1445 1660 1717 1710 μεταποιοῦν-

377 1762 538 1803 2.ιῖινΡ

287 1863 460 1896 finitatem
509 1864 709 1896 iuncturum
747 1875 823 1896 cum
880 1874 959 1907 rege
995 1863 1108 1896 Odieo
1159 1868 1194 1895 et
1242 1874 1318 1895 cum
1363 1863 1522 1894 universa
1563 1860 1715 1904 Scytha-

289 1921 363 1942 rum
389 1911 512 1953 Agora.
564 1909 689 1942 foedus
719 1920 801 1954 ergo
829 1909 936 1942 ictum
963 1915 1036 1949 est,
1065 1920 1135 1954 quo
1161 1908 1376 1942 iubebantur
1412 1919 1486 1940 esse
1520 1909 1623 1940 amici
1649 1907 1716 1940 ho-

288 1956 472 2000 spitesque
502 1955 598 1987 inter
635 1967 681 1988 se.

379 2001 592 2045 Compositis
638 2001 744 2034 rebus
779 2001 817 2033 in
847 2000 942 2033 hunc
983 1999 1124 2032 modum
1150 1999 1342 2042 Scythicis,
1375 1997 1609 2040 Coelesyriam
1634 1998 1718 2031 sub·

287 2048 381 2090 igere
413 2057 593 2090 aggressus
629 2053 692 2080 est.
751 2046 896 2079 adortus
933 2052 987 2079 est
1020 2047 1249 2086 Damascum,
1277 2056 1424 2089 eamque
1463 2044 1584 2078 urbem
1621 2044 1718 2077 obsi-

288 2093 395 2126 dione
419 2093 556 2125 artavit.
616 2092 806 2125 admovens
833 2091 962 2124 deinde
995 2104 1094 2125 muro
1127 2091 1306 2124 machinas
1331 2091 1489 2131 bellicas,
1519 2096 1654 2135 captam
1683 2091 1717 2123 vi

289 2139 393 2172 foede
418 2139 578 2182 diripuit,
606 2150 683 2170 cum
709 2139 834 2171 fuisset
866 2138 948 2170 urbs
977 2138 1128 2170 maxima
1160 2143 1196 2171 et
1221 2137 1422 2170 felicissima
1449 2136 1588 2180 opibus.
1635 2135 1718 2168 hinc

289 2185 528 2219 abduxitocto
543 2185 638 2216 milia
654 2185 877 2217 camelorum.
909 2186 1017 2228 raptis
1035 2185 1162 2228 opibus
1178 2183 1338 2227 plurimis
1358 2193 1400 2215 ex
1414 2193 1455 2215 ea
1475 2182 1572 2222 urbe,
1588 2181 1717 2226 praeda

289 2232 400 2264 multa
437 2236 473 2264 et
497 2230 597 2263 diviti
625 2235 812 2269 oneratus,
841 2230 983 2262 domum
1018 2231 1194 2262 remeavit.
1251 2230 1387 2273 legatos
1413 2238 1559 2272 quoque
1584 2228 1718 2262 dimisit

290 2278 333 2310 ad
358 2276 549 2310 Soldanum
596 2287 708 2320 regem
732 2276 929 2319 Memphis,
960 2287 1035 2308 cum
1060 2274 1262 2308 huiusmodi
1289 2274 1475 2314 mandatis,
1503 2285 1619 2317 regem
1644 2274 1717 2307 Te-

290 2325 412 2356 mirem
441 2323 622 2368 postulare
650 2328 688 2355 ut
715 2322 786 2355 sibi
811 2322 927 2355 tradat
954 2322 1213 2364 coelesyriam:
1253 2321 1349 2366 quod
1372 2321 1400 2353 si
1427 2320 1562 2361 fecerit,
1585 2319 1718 2353 bellum

291 2381 376 2414 pace
401 2380 437 2402 se
463 2374 688 2402 mutaturum.
739 2373 779 2400 ut
804 2367 871 2400 ista
898 2368 1028 2411 legatio
1055 2368 1152 2400 irrita
1178 2367 1257 2406 suit,
1282 2372 1414 2399 armata
1437 2377 1541 2399 manu
1566 2366 1662 2410 cepit
1683 2370 1719 2398 et

291 2415 442 2460 diripuit
464 2416 684 2454 Damascum,
710 2414 829 2446 urbem
860 2414 984 2458 opibus
1021 2414 1208 2458 vigentem.
1256 2412 1396 2446 taudem
1423 2411 1584 2445 discessit
1606 2422 1646 2444 ea
1673 2410 1717 2444 de

292 2473 396 2494 causa
420 2472 524 2506 quam
552 2461 643 2493 infra
667 2459 855 2493 trademus.

384 2520 455 2550 Rex
478 2517 728 2562 Memphiticus
758 2517 892 2560 regioni
930 2517 1079 2561 imperat
1111 2516 1368 2561 amplissimae:
1395 2515 1440 2547 ab
1465 2513 1638 2548 Arabibus
1662 2514 1718 2546 in-

294 2563 431 2607 cipiens
456 2564 707 2607 Coelesyriam,
733 2563 975 2602 Palaestinam,
999 2573 1064 2596 nec
1090 2568 1208 2595 tamen
1228 2563 1435 2601 universam,
1463 2566 1498 2593 et
1522 2562 1716 2604 Aegyptum

295 2621 358 2642 suo
387 2610 535 2654 imperio
560 2609 771 2643 moderatur.
820 2608 980 2642 ascendit
1007 2614 1124 2640 autem
1149 2609 1192 2640 ad
1220 2607 1288 2640 hoc
1313 2608 1450 2650 insigne
1473 2606 1579 2639 decus
1603 2607 1716 2638 Mem-

295 2655 419 2699 phitici
446 2657 541 2698 regni
567 2656 631 2688 tali
664 2667 705 2689 ex
735 2666 847 2688 causa.
904 2655 1186 2699 quotusquisque
1211 2654 1255 2687 de
1275 2654 1528 2697 mancipiorum
1553 2662 1655 2696 grege
1679 2652 1716 2684 in

296 2703 361 2734 ista
388 2703 529 2745 regione
554 2703 674 2738 virtuti
705 2701 892 2739 adhaeret,
917 2713 934 2733 a
962 2712 1040 2745 rege
1067 2701 1103 2733 in
1131 2700 1284 2733 militum
1310 2699 1470 2732 ordinem
1497 2697 1714 2732 transfertur.
