1832 3216
510 170 582 210 DE
617 170 790 211 REBUS
827 169 1080 212 TURCIClS
1119 171 1168 210 L.
1198 172 1271 211 lv.
1497 164 1589 210 197

123 268 262 326 γᾶλων
291 267 375 312 εἴτε
405 269 616 323 βασιλέων
649 266 733 311 εἴτε
759 268 832 310 καί
868 268 1086 323 ἡγεμόνων
1126 266 1361 325 οἷναφοροῖς.
1417 267 1491 311 καί
1522 264 1596 311 ἇν-

128 338 226 391 δρες
253 329 371 378 οὗτοι
398 336 422 390 ἦ
451 337 523 390 τῆς
545 330 704 384 πόλεως
733 330 808 390 ὅλη
833 336 1015 389 ἐξουσία,
1048 335 1302 390 ὀνομάζεται
1330 337 1378 377 δὲ
1395 335 1469 378 κατ’
1497 332 1596 391 ἦγε-

126 405 267 456 μονία.

241 471 435 524 Προέχει
475 468 522 510 δὲ
560 463 668 523 αὕτη
698 464 724 523 ἦ
768 463 890 518 πόλις
923 469 1043 511 δυοῖν
1070 470 1152 511 τῶν
1181 470 1226 510 ἐν
1253 470 1303 525 τῇ
1328 469 1484 526 Ἰταλίᾳ
1514 465 1597 510 πό-

93 539 250 587 5λεων,
280 536 422 577 οἰκιῶν
451 549 496 576 τε
539 534 770 592 εὐπρεπείᾳ
807 533 880 575 καί
918 537 1155 591 κατασκευῇ
1191 537 1276 577 τῶν
1311 534 1383 577 ἐπὶ
1410 538 1485 589 τῆς
1512 538 1596 576 θα-

127 599 287 657 λάσσης
316 601 671 655 οἰκοδομημάτων,
702 600 759 650 ὥς
787 599 835 642 τὸ
867 602 1021 642 ἐπίπαν
1048 602 1123 656 τῆς
1155 598 1329 654 πόλεως,
1359 603 1432 643 καί
1462 599 1598 643 πλού-

114 683 184 727 ὁτῳ
211 670 292 710 τῶν
319 665 365 710 ἐν
394 669 447 724 τῇ
476 665 596 708 πόλει
641 666 942 720 ἐνοικούντων,
972 664 1047 709 ἅτε
1075 670 1146 722 τῆς
1177 667 1337 718 πόλεως
1367 667 1439 709 ἐπὶ
1465 671 1596 720 ἐμπο-

128 737 226 789 ρίαν
247 733 493 790 ἐπιτηδείως
529 730 707 788 ἐχούσης
742 731 800 783 ὥς
839 732 1024 786 μάλιστα
1065 736 1137 776 καί
1177 734 1379 789 χρήματα
1409 734 1597 784 εὐπετῶς

128 801 417 854 ποριζομένης.
489 799 740 854 κεκόσμηται
779 801 826 841 δὲ
868 802 893 854 ἦ
929 802 1049 850 πόλις
1078 799 1186 856 αὕτη
1217 799 1270 842 τά
1300 817 1344 843 τε
1377 797 1498 853 ἄλλα,
1524 803 1598 843 καί

73 867 295 924 menne-siro
334 863 453 915 ἐντὸς
495 868 570 920 τῆς
598 864 756 915 πόλεως
798 867 1106 925 (ιιῖκοὸομημέιίιι)
1127 899 1139 919 ‚
1172 870 1381 924 καλλίστῳ
1412 882 1458 908 τε
1489 869 1634 909 ἰδεῖνΒ

127 931 201 974 καί
222 929 570 989 εὕπρεπεστάτῳ,
599 938 692 980 ταῖς
726 931 942 988 τριήρεσιν
983 935 1250 990 ἐξηρτυμένῳ
1291 932 1349 982 ὥς
1379 937 1597 981 πλείσταις

127 1000 202 1041 καί
225 1000 383 1048 πλοίοις
427 994 571 1048 ἄλλοις
603 997 889 1054 παμπόλλοις,
920 1001 992 1042 καί
1021 1001 1073 1056 τῇ
1106 1002 1237 1056 σκευῇ
1265 999 1426 1042 τούτων
1455 998 1599 1055 ἀφθό-

128 1081 208 1115 νως
235 1081 280 1108 τε
307 1063 463 1122 ἐχούσῃ
487 1067 635 1119 αυ’τοῦ,
657 1066 738 1107 α’πό
769 1081 815 1107 τε
845 1063 985 1108 ὅπλων
1015 1070 1089 1108 καί
1107 1062 1247 1108 ἄλλων
1276 1061 1358 1108 ὅσα
1379 1068 1422 1115 ἐς
1450 1069 1600 1120 χρείαν

129 1134 251 1187 φέρει
278 1137 372 1180 ταῖς
400 1134 539 1174 ναυσί.
612 1133 746 1187 διήκει
775 1134 820 1174 δὲ
850 1134 922 1174 ἐπὶ
948 1136 1072 1175 πέντε
1102 1133 1315 1186 σταδίους,
1346 1134 1420 1174 καί
1449 1128 1599 1187 ἄνδρες

73 1195 187 1246 15ὦς
229 1201 417 1240 πλεῖστοι
457 1194 728 1253 ἐργαζόμενοι
765 1199 900 1241 αὐτοῦ’
942 1202 1038 1241 καθ’
1084 1197 1261 1255 ἑκάστην
1302 1202 1345 1249 ἐς
1377 1198 1453 1248 τοὶς
1480 1200 1598 1247 ναῦς.

129 1261 340 1319 ἄρχοντας
369 1266 416 1306 δὲ
445 1263 670 1319 αἱροῦνται
694 1269 767 1307 τοῦ
794 1265 991 1308 ἐνιαυτοῦ
1013 1265 1089 1308 δύο
1115 1268 1158 1315 ἐς
1184 1266 1227 1308 τὸ
1266 1267 1445 1308 ἐπίνειον
1472 1268 1599 1308 τοῦτο

129 1332 205 1372 κατ’
229 1332 273 1380 ἐς
299 1329 527 1383 ξύμπασαν
566 1330 643 1385 τήν
669 1329 947 1387 κατασκευήν.
1025 1335 1166 1381 ἵπποις
1192 1334 1239 1374 δὲ
1270 1333 1395 1374 οὐδέν
1423 1349 1465 1374 τι
1494 1334 1601 1388 χρῆ-

129 1414 202 1440 ται
226 1397 253 1452 ἧ
282 1397 403 1447 πόλις
432 1395 572 1453 αὕτη,
599 1398 706 1439 ἀλλὰ
748 1401 856 1455 πεζῇ
885 1414 932 1440 τε
976 1401 1040 1441 ἐπ’
1070 1396 1277 1454 ἀλλήλους
1314 1401 1497 1454 φοιτῶσι
1527 1398 1603 1441 καὶ

130 1465 394 1519 πλοιαρίοις,
436 1466 490 1521 τῇ
514 1467 593 1517 μὲν
621 1467 692 1519 τῆς
718 1466 939 1521 θαλάσσης
969 1464 1041 1507 διὰ
1072 1467 1158 1508 τῶν
1187 1467 1330 1507 οἰκιῶν
1359 1463 1600 1521 διηκούσης,

71 1531 180 1587 20τῇ
210 1531 257 1572 δὲ
286 1531 360 1572 καί
387 1531 529 1572 αὐτῶν
557 1535 908 1585 κατεστρωμὲνων
946 1535 1138 1581 πλίνθοις
1170 1531 1394 1589 ἁπανταχῇ
1419 1534 1495 1586 τῆς
1525 1532 1604 1573 πό-

130 1601 246 1646 λεως.
305 1598 437 1651 τείχει
469 1598 516 1639 δὲ
544 1599 670 1639 ου’δὲν
695 1600 996 1652 περιβέβληται
1024 1597 1048 1654 ἦ
1081 1599 1217 1647 πόλις.

244 1661 330 1712 Τὰς
358 1665 502 1717 μέντοι
531 1662 671 1719 ἀρχὰς
700 1666 786 1706 τῶν
815 1666 1033 1721 σφετέρων
1061 1665 1226 1708 πόλεων
1251 1663 1343 1708 ἕστε
1373 1663 1450 1720 τὴν
1477 1658 1645 1719 ἦπει-ο

227 1780 262 1814 5.
287 1779 363 1817 τῶν
390 1781 465 1830 ἐπὶ]
491 1782 554 1818 ἐπὶ
577 1781 654 1820 τῶν
678 1783 703 1817 Ρ
833 1783 888 1817 10.
920 1782 1097 1819 κάλλιστα
1124 1785 1150 1818 Ρ
1248 1784 1304 1817 11.
1329 1785 1560 1831 ἐξηρτημένῳ
1583 1785 1606 1818 Ρ

137 1893 338 1931 unionibus
364 1905 444 1928 cum
469 1896 634 1943 principe
659 1909 784 1931 vacare
800 1923 811 1940 ‚
846 1903 883 1932 et
913 1910 991 1932 cum
1017 1897 1146 1932 eodem
1173 1898 1374 1943 legationes
1398 1899 1603 1945 principum

138 1953 333 1988 regumque
359 1943 552 1976 relationes
593 1944 727 1978 audire.
792 1951 951 1990 potestas
976 1947 1088 1980 totius
1122 1946 1279 1979 civitatis
1304 1956 1417 1991 penes
1442 1945 1509 1980 hos
1536 1952 1607 1990 est;

139 1995 176 2024 et
196 2001 317 2023 revera
341 1991 582 2035 principatum
609 1991 824 2036 gubernant.

231 2036 364 2071 Civitas
389 2038 456 2070 ista
481 2037 621 2072 duobus
638 2051 760 2073 omnes
784 2040 909 2073 Italiae
928 2038 1033 2072 urbes
1059 2039 1254 2081 antecedit,
1281 2040 1455 2074 videlicet
1480 2038 1610 2073 domo-

139 2095 214 2118 rum
243 2085 532 2130 mfignificentia‚
574 2092 611 2120 et
637 2087 885 2120 aedificiorum
912 2097 1006 2132 quae
1038 2086 1076 2120 in
1102 2089 1192 2120 mari
1218 2087 1406 2121 aedificata
1433 2093 1519 2120 sunt
1543 2099 1610 2132 ap-

137 2136 278 2177 paratu.
340 2132 486 2166 excellit
524 2139 561 2167 et
598 2135 788 2179 opulentia
808 2161 816 2176 ‚
843 2145 935 2179 quae
974 2145 1085 2179 penes
1125 2137 1219 2168 cives
1248 2141 1324 2168 est:
1349 2147 1429 2168 nam
1458 2146 1534 2167 cum
1562 2137 1610 2168 sit

138 2184 360 2212 mercaturae
396 2185 433 2213 et
472 2182 781 2225 negotiationibus
818 2181 971 2222 idonea,
999 2182 1038 2214 fit
1077 2187 1117 2215 ut
1157 2183 1300 2215 incolae
1327 2183 1499 2227 plurimas
1526 2181 1610 2215 hinc

107 2235 109 2237 ’
139 2226 314 2270 colligant
342 2238 442 2273 opes.
506 2235 678 2262 exornata
716 2235 770 2263 est
806 2230 932 2262 eadem
963 2229 1048 2262 urbs
1086 2230 1236 2274 pulchra
1263 2233 1408 2263 navium
1438 2229 1609 2269 statione,

139 2283 234 2319 quae
259 2273 354 2307 intra
379 2274 502 2309 urbem
530 2277 598 2308 sita
624 2282 688 2317 est,
714 2276 958 2322 pulcherrima
985 2281 1022 2309 et
1047 2279 1297 2310 amoenissima
1320 2278 1408 2316 visu,
1436 2278 1610 2310 instructa

140 2321 346 2354 triremibus
380 2323 609 2368 navibusque
649 2324 731 2357 aliis
759 2324 937 2370 plurimis.
988 2325 1158 2369 copiosus
1190 2325 1242 2357 ibi
1274 2330 1327 2357 est
1351 2328 1545 2368 apparatus
1570 2324 1609 2356 in

139 2373 311 2413 promptu
345 2376 643 2404 armamentorum
685 2377 722 2405 et
759 2372 913 2404 aliorum
954 2382 1046 2416 quae
1071 2384 1178 2405 naves
1204 2372 1403 2416 postulant.
1454 2371 1609 2415 spatium

141 2421 295 2460 occupat
321 2417 483 2462 quinque
511 2417 721 2451 stadiorum.
773 2419 839 2451 viri
875 2419 1079 2462 complures
1107 2419 1270 2464 quotidie
1298 2418 1368 2450 huc
1393 2424 1608 2457 commeant,

141 2467 332 2507 operantes
359 2463 485 2498 sedulo
510 2470 551 2498 ut
584 2476 677 2510 quae
707 2466 754 2499 ad
789 2477 897 2498 naves
922 2467 1108 2510 pertinent
1132 2479 1203 2499 non
1230 2465 1360 2498 desint.
1411 2467 1608 2510 quotannis

139 2510 234 2544 viros
256 2509 346 2542 duos
367 2511 507 2555 eligunt
534 2513 735 2557 primarios,
763 2514 827 2558 qui
852 2514 1000 2546 stationi
1018 2513 1071 2545 illi
1092 2514 1360 2558 praeficiuntur,
1387 2518 1428 2545 ut
1445 2524 1488 2546 ea
1514 2524 1607 2558 quae

140 2555 187 2590 ad
212 2557 327 2601 ipsam
365 2564 530 2602 spectant
571 2559 698 2593 sedulo
725 2566 931 2605 procurent.
994 2571 1167 2605 equorum
1206 2561 1329 2592 nullus
1358 2560 1396 2592 in
1423 2560 1491 2593 ista
1519 2561 1607 2593 urbe

141 2614 238 2636 usus.
289 2602 447 2649 pedestri
488 2607 616 2640 itinere
652 2613 804 2641 utuntur
837 2608 875 2640 in
904 2607 1153 2652 congressibus
1187 2608 1330 2640 mutuis.
1382 2608 1606 2651 navigiorum

140 2662 226 2685 usus
247 2650 345 2695 apud
371 2662 432 2685 eos
459 2651 628 2698 frequens
655 2661 721 2695 est,
748 2667 825 2688 cum
856 2666 954 2688 mare
982 2660 1137 2687 transeat
1162 2665 1227 2699 per
1256 2654 1395 2687 domos.
1420 2661 1607 2699 praeterea

141 2697 227 2732 urbs
251 2703 327 2731 tota
353 2699 483 2742 tegulis
509 2702 693 2745 integitur,
721 2713 787 2736 nec
813 2702 897 2735 ullis
919 2702 1108 2734 moenibus
1136 2702 1303 2745 cingitur.

261 2745 490 2790 Magistratus
517 2759 607 2792 quos
647 2749 796 2783 urbibus
838 2749 874 2781 in
912 2750 1037 2782 stallae
1068 2749 1278 2782 continente
1306 2755 1342 2783 et
1367 2749 1404 2782 in
1429 2750 1606 2783 maritima

1163 3061 1186 3099 EC*
