1832 3216
460 190 554 230 DE.
573 188 747 229 REBUS
772 185 1027 229 TURClClS
1068 187 1116 227 L.
1145 187 1218 226 IV.
1492 182 1579 227 181

119 292 326 346 διέτριβεν
356 289 503 344 αὐτοῦ,
533 286 692 341 ἔπεμπε
715 286 860 340 λόγους
888 285 1006 338 παρὰ
1037 286 1121 327 τῶν
1145 284 1344 341 Τοιῖρκων
1370 283 1467 336 τούς
1494 285 1631 338 cipi-D

119 372 243 405 στους
271 357 372 411 περὶ
398 355 682 407 α’ποστάσεως,
713 351 818 408 πρός
850 368 894 394 τε
911 353 1117 407 Χασάιήν
1148 355 1229 394 τῶν
1259 353 1479 407 ἐπηλύδων
1508 347 1588 406 ἅρ-

119 438 252 478 χοντα
283 424 358 463 καί
386 420 458 463 ἐπὶ
487 422 698 475 Βρενέζεα
728 418 801 460 καί
830 418 1112 474 Ἀμουράτην.
1173 417 1211 460 οἱ
1241 420 1287 460 δὲ
1315 417 1416 468 τούς
1445 434 1487 460 τε
1521 418 1590 460 λό-

120 505 219 545 γους
248 491 470 544 προσίεντο
516 486 590 528 καί
624 487 746 542 σφίσι
790 485 908 540 λόγον
951 483 1147 527 ἐδίδοσαν
1177 487 1277 539 περί
1305 485 1593 534 ἀποστάσεως,

88 557 325 604 5ἕντεῦθεν
353 555 562 610 Βρενέζης
592 552 720 603 αὕτός
750 568 795 594 τε
822 551 1056 604 αὐτομολεῖ
1079 550 1196 606 παρα
1227 553 1452 609 Μεχμέτῃ,
1481 551 1591 605 ἔχων

120 624 225 677 παρ’
252 618 390 677 ἐαυτῷ
424 619 639 674 Τούρκους
668 635 712 662 τε
743 618 799 667 ὥς
827 621 1050 668 πλείστους
1080 619 1154 660 καί
1182 617 1232 672 δη
1266 620 1339 660 καί
1366 619 1464 667 τούς
1492 623 1591 660 παῖ’-

122 689 199 737 δας
228 686 407 742 Χασάνη
446 685 527 728 σύν
566 689 649 728 τῶν
685 684 898 741 νεηλὺδων
926 690 1010 734 τοῖς
1040 684 1241 740 ἀρίστοις.
1301 687 1500 727 ἐντεῦθεν
1534 685 1592 735 ὥς

119 755 179 811 τῷ
205 754 415 810 Μεχμὲτῃ
445 755 716 807 προσεγένετο
745 751 927 804 δύναμις
969 750 1077 794 ὥστε
1108 753 1418 806 διαπειρᾶσθαι
1447 750 1592 800 ἱκανὸς

119 817 228 862 εἶναι
259 822 336 862 τοῦ
362 820 578 875 ἀδελφοῦ,
610 818 752 871 λαβών
782 820 852 860 καί
893 817 967 861 τὸν
1003 821 1250 872 Τριβαλλῶν
1281 818 1463 873 ἡγεμόνα
1489 821 1591 870 μεθ’

64 883 285 932 ιοέαυτοῦζ
315 881 492 941 ἤλαυνεν
534 888 606 927 ἐπὶ
647 883 718 927 τόν
748 883 939 941 οἷδελφὸν
974 885 1032 933 ὥς
1074 883 1361 938 μαχούμενος.
1422 887 1637 940 ΙΠωσῆςΡ.
1654 891 1698 926 97

116 954 196 1007 μὲν
230 949 308 995 οὖν
350 950 648 1003 διανοούμενος
689 952 885 1004 ἐμποδών
924 955 1121 1006 γενέσθαι
1165 953 1223 1008 τῷ
1252 948 1448 1010 ἀδελφῷ,
1482 949 1591 994 ὥστε

114 1018 174 1074 μὴ
209 1020 444 1072 ἐξελαύνειν
487 1020 546 1068 εἰς
576 1018 653 1073 τὴν
683 1017 894 1074 Εὐρώπην
932 1018 1005 1060 καί
1043 1017 1336 1073 προσάγεσθαι
1375 1018 1490 1075 αὐτῷ
1517 1017 1619 1073 τὴν·

114 1085 278 1142 χώραν,
309 1083 420 1140 ἔχων
457 1084 531 1135 τάς
564 1101 608 1128 τε
650 1085 790 1141 θύρας
819 1086 893 1127 καί
928 1084 975 1127 τὸ
1007 1087 1079 1140 τῆς
1107 1084 1319 1140 Εὐρώπης
1342 1085 1588 1139 στράτευμα

117 1150 231 1195 ἅπαν
276 1151 384 1207 πλὴν
422 1155 506 1194 τῶν
545 1152 664 1207 παρὰ
697 1155 911 1209 ,Μεχμέτη
951 1151 1367 1206 αὐτομολησάντων,
1410 1153 1590 1206 διέτριβε

62 1219 224 1266 ιόκατὰ
263 1219 339 1274 τὴν
371 1222 457 1260 ταῖν
495 1221 665 1275 ΙΙΙυσαῖν
701 1217 860 1274 χώραν.
919 1221 1110 1261 ἐνταῦθα
1143 1217 1329 1270 ἐξελθών
1356 1216 1378 1258 ὅ
1407 1221 1591 1272 ΠΙεχμέ-

117 1303 189 1343 της
217 1284 610 1341 ἐστρατοπεδεύετο.
686 1286 743 1335 ὥς
786 1288 833 1328 δὲ
873 1287 1010 1340 α’γχοῦ
1037 1286 1257 1341 γενόμενος
1299 1287 1356 1341 τῷ
1386 1283 1589 1338 στρατεύ-

116 1369 222 1407 ματι
251 1354 449 1401 Μωσέως
495 1353 755 1407 παρετάξατο
786 1353 846 1402 εἷς
875 1352 1046 1407 μάχην,
1078 1354 1151 1394 καί
1179 1348 1268 1405 εἶχε
1296 1354 1376 1404 μὲν
1403 1350 1447 1393 τὸ
1482 1349 1589 1392 ειῖώ-

117 1433 252 1471 νυμον
294 1418 429 1460 αὐτοῦ
464 1420 590 1473 κέρας
629 1417 651 1458 ὁ
683 1420 767 1460 ταῖν
800 1420 1049 1472 Τριβαλλῶν
1078 1415 1270 1473 ἡγεμών,
1298 1418 1343 1460 τό
1377 1416 1510 1467 δεξιὸν
1539 1418 1587 1459 δὲ

118 1485 328 1540 Βρενὲζης
355 1483 434 1526 σὺν
461 1490 549 1533 τοῖς
577 1487 724 1526 παισίν
754 1485 886 1526 αὐτοῦ
905 1501 914 1510 ·
973 1485 1171 1539 παρῆσαν
1196 1485 1276 1539 γάρ
1301 1479 1418 1541 αὐτῷ
1438 1485 1588 1532 παῖδες

59 1550 332 1605 αογενὸμενοι
369 1550 552 1605 Ἀγαθοί
595 1550 802 1605 Βαράμος
827 1566 874 1593 τε
914 1550 986 1592 καί
1024 1550 1170 1606 Ἀλίης
1209 1553 1283 1592 καί
1323 1554 1478 1604 Βείκης
1517 1553 1590 1591 καί

113 1617 286 1673 Ἰησοῦς.
343 1614 488 1671 ἐπειδή
530 1619 576 1659 δὲ
605 1619 677 1658 καί
707 1618 874 1671 ΠΙωσῆς
909 1616 1259 1670 παραταξάμενος
1301 1616 1414 1671 εἶχεν
1441 1619 1486 1658 ἐν
1515 1614 1587 1658 τά·

115 1686 176 1735 ξει
217 1683 270 1726 τὰ
303 1682 605 1740 στρατεύματα
632 1683 777 1740 αὑτοῦ,
807 1685 880 1725 καί
917 1682 1082 1740 παριών
1108 1683 1330 1726 ἐπεσκόπει
1361 1685 1434 1725 καί
1461 1685 1622 1725 nafis-B

211 1802 245 1836 7.
267 1802 360 1848 τῶν]
384 1807 461 1842 τοῖς
488 1802 514 1835 Ρ

120 1915 194 1944 tem
218 1909 271 1943 ibi
295 1915 508 1951 versaretur,
533 1911 634 1944 misit
658 1911 876 1956 legationem
905 1910 949 1944 ad
976 1911 1168 1956 optimates
1185 1911 1398 1951 Tumorum,
1424 1909 1470 1943 ad
1493 1910 1586 1943 Cha-

119 1968 243 1991 sanem
268 1956 462 1991 Brenezem
488 1959 767 2004 Amuratemque
784 1984 792 1999 ‚
835 1964 876 1992 ut
901 1959 1099 1992 solicitaret
1126 1970 1248 1991 eorum
1276 1958 1416 1991 animos
1443 1957 1488 1990 ad
1518 1958 1587 1990 de·

122 2004 329 2038 fectionem-
379 2010 419 2038 at
455 2005 494 2038 hi
525 2005 742 2039 defectionis
783 2009 988 2039 sermonem'
1024 2007 1142 2052 primo
1184 2005 1415 2039 abnuebant:
1462 2016 1585 2038 verum

121 2051 266 2086 tandem
298 2052 368 2098 ipsi
403 2053 500 2086 inter
538 2064 617 2086 sese
657 2053 873 2087 defectionis
897 2054 1050 2086 consilia
1076 2053 1236 2099 capiunt.
1299 2053 1386 2086 hinc
1411 2053 1585 2086 Brenezes

119 2110 183 2133 sua
206 2105 336 2144 sponte
374 2100 635 2145 transfugiebat
672 2101 718 2133 ad
754 2101 1016 2142 Mechmetem,
1054 2101 1201 2134 trahens
1236 2111 1357 2134 secum
1383 2100 1585 2133 Turcorum

119 2157 286 2192 proceres
312 2152 349 2180 et
374 2147 468 2180 filios
495 2159 640 2182 necnon
665 2147 863 2181 Chasanem
894 2160 973 2181 curn
998 2149 1145 2193 optimis
1171 2148 1379 2193 quibusque
1404 2147 1450 2180 de
1478 2159 1586 2193 pere-

119 2194 302 2238 grinorum
325 2194 488 2228 cohorte.
539 2207 618 2228 cum
646 2196 714 2228 iam
733 2197 965 2229 accessissent
990 2199 1116 2241 copiae
1144 2195 1336 2228 Mechmeti
1365 2194 1461 2227 haud
1493 2206 1584 2239 poe-

119 2241 323 2282 nitendae,
361 2242 496 2288 quibus
532 2243 645 2276 fretus
687 2244 818 2288 praelii
856 2245 1037 2276 fortunam
1071 2255 1150 2275 cum
1177 2243 1286 2275 fratre
1314 2243 1418 2275 facile
1445 2247 1585 2275 tentare

119 2293 266 2334 posset,
301 2295 484 2334 assumpto
521 2290 767 2324 Triballorum
805 2291 969 2336 principe
1008 2296 1132 2323 contra
1176 2291 1319 2323 fratrem
1355 2300 1523 2334 pergere,
1548 2295 1587 2322 et

119 2336 250 2382 praelii
275 2341 492 2380 potestatem
518 2338 637 2371 facere
662 2338 835 2371 instituit.
884 2339 1003 2371 Moses
1032 2339 1152 2382 igitur,
1181 2343 1220 2370 ut
1251 2336 1468 2370 Meclnnetis
1496 2347 1585 2369 con-

120 2383 243 2416 silium
264 2382 469 2429 impediret,
493 2396 539 2418 ne
566 2386 673 2418 facile
698 2386 736 2418 in
761 2386 940 2430 Europam
977 2386 1129 2418 transire
1154 2396 1307 2429 eamque
1335 2385 1391 2416 sui
1418 2385 1505 2416 iuris
1530 2385 1586 2416 sa-

120 2441 202 2463 cere
228 2437 373 2475 posset,
411 2431 547 2465 ducens
575 2444 695 2466 secum
729 2433 935 2465 universum
961 2434 1125 2477 Europae
1156 2434 1354 2464 exercitum
1393 2436 1429 2464 et
1455 2432 1584 2464 ianuae

121 2477 280 2519 milites,
319 2481 479 2523 exceptis
508 2479 564 2512 his
606 2481 668 2525 qui
695 2479 741 2512 ad
767 2479 1007 2514 Mechmetem
1034 2484 1311 2518 concesserant,
1336 2479 1374 2510 in
1402 2478 1583 2521 Mysorum

119 2525 269 2568 regione
296 2525 472 2559 consedit.
521 2526 572 2560 ibi
601 2526 821 2560 Mechmetes
846 2528 882 2560 in
903 2527 1174 2574 expeditionem
1200 2537 1357 2569 egressus
1387 2532 1502 2558 castra
1526 2526 1586 2558 lo-

120 2573 226 2606 cavit.
275 2576 316 2604 ut
342 2577 462 2606 autem
487 2575 792 2620 appropinquavit
816 2575 931 2608 Mosis
958 2575 1104 2615 castris,
1142 2574 1264 2617 copias
1290 2573 1327 2605 in
1352 2573 1464 2604 aciem
1494 2573 1585 2605 edu-

118 2620 184 2652 xit.
233 2619 416 2652 sinistrum
442 2631 551 2653 cornu
577 2623 726 2655 tenebat
750 2621 995 2656 Triballorum
1022 2621 1106 2654 dux.
1157 2620 1284 2652 dextro
1310 2625 1476 2664 praeerat
1502 2621 1586 2653 Bre-

119 2677 226 2699 nezes
251 2677 332 2699 cum
357 2666 442 2700 filiis
467 2668 559 2701 suis:
589 2679 710 2702 secum
745 2670 841 2703 enim
876 2670 914 2702 in
946 2669 1068 2701 castris
1107 2667 1268 2700 habebat
1295 2667 1401 2708 filios,
1425 2669 1488 2713 qui
1512 2668 1586 2714 ipsi

119 2713 197 2747 nati
226 2718 340 2754 erant,
364 2714 539 2756 Agathan,
564 2715 747 2749 Baramum
763 2741 773 2756 ,
800 2716 963 2757 Haliem‚
989 2714 1121 2748 Beicen
1147 2720 1183 2748 et
1208 2715 1339 2747 lesum.
1389 2719 1584 2760 postquam

120 2765 240 2795 autem
266 2766 302 2794 et
330 2761 448 2795 Moses
473 2763 585 2801 aciem
609 2773 709 2796 suam
726 2763 908 2804 instruxit,
935 2762 1110 2796 accedens
1137 2763 1257 2795 omnia
1283 2761 1518 2807 explorabat;
1547 2767 1584 2795 et
