1858 3210
526 192 599 231 DE
623 189 798 231 REBUS
835 187 1088 231 TURmcis
1128 188 1177 230 L.
1196 188 1271 229 lx.
1519 181 1614 226 515

145 292 320 336 τόπεδον
344 291 419 334 τοῦ
461 290 670 344 βασιλέως
707 286 956 342 ἐπήλαυνον.
1023 288 1117 330 ἐπεὶ
1143 288 1192 329 δὲ
1228 287 1401 342 ἀγγελία
1439 280 1619 342 ἄφίκετο

147 356 267 413 παρὰ
298 358 371 412 τῆς
398 355 533 412 ταύτῃ
563 370 645 396 που
687 355 884 411 φυλακῆς
926 352 982 402 ὥς
1013 352 1052 395 οἱ
1094 355 1290 406 πολέμιοι
1318 352 1506 404 ἑπιῶσιν,
1534 346 1618 406 αῗρ-

146 438 256 480 μητο
278 425 359 476 μὲν
387 419 518 469 αὐτός
546 436 611 469 τις
638 419 809 468 ἕκαστος
835 418 908 461 ἐπὶ
936 418 985 460 τὰ
1020 415 1143 471 ὅπλα,
1170 419 1277 473 πλὴν
1302 419 1388 460 τῶν
1409 418 1620 471 βασιλέως

146 493 310 545 θυρῶν,
336 485 565 543 Ἰωσούφην
605 488 644 528 δ’
677 485 842 528 ἐκέλευε
869 485 1198 540 Μαχουμούτης
1239 483 1442 540 προϊόντα
1482 481 1621 525 ὖπαν-

111 556 311 607 5τιοίζειν
342 554 443 604 τούς
469 555 710 607 πολεμίους.
766 553 842 593 καί
874 552 1001 600 αὐτός
1030 567 1074 593 τε
1103 554 1148 593 ἐν
1179 548 1322 600 ὅπλοις
1349 547 1401 606 ἦν
1430 554 1621 605 Μαχου-

146 622 306 678 μούτης
333 625 416 665 σὺν
442 626 532 670 τοῖς
560 618 890 673 στρατεύμασιν.
924 616 946 659 ὅ
975 621 1119 670 μέντοι
1144 619 1375 675 Ἰωσούφης
1402 617 1460 667 ὥς
1490 615 1620 661 ἐπιών
1632 626 1668 660 Ρ.
1685 625 1756 659 274

146 690 300 732 αὐτίκα
333 690 600 741 συνέβαλλεν,
628 685 792 741 ἧττήθη
820 699 864 726 τε
894 683 968 726 καί
990 685 1032 733 ἐς
1063 684 1204 740 φυγήν
1231 685 1494 739 τραπόμενος
1521 685 1622 739 ἐφέ-

147 769 244 809 ρετο
273 755 316 804 ἐς
346 751 394 796 τὸ
424 755 635 807 βασιλέως
663 747 963 805 στρατόπεδον.
1030 749 1219 806 Ὀμάρης
1257 752 1304 792 δὲ
1334 749 1357 792 ὅ
1394 750 1622 804 Τουραχοέ-

145 835 228 862 vem
257 825 358 868 παῖς
382 817 558 873 ταχθεὶς
599 819 672 859 καί
706 815 840 866 αὐτὸς
884 815 964 858 ὑπὸ
1009 819 1085 859 τοῦ
1118 818 1450 870 Μαχουμοιῖτεω
1495 815 1623 869 ὁμόσε

89 887 258 930 ἱῦἰέναι
285 890 371 934 τοῖς
397 884 748 940 πολεμιόιςχκαί
773 882 964 924 ἐλαύνων
994 881 1158 939 ὑπήντα
1183 885 1240 940 τῷ
1267 882 1477 940 Ἰωσούφῃ
1513 881 1624 939 φεύ-

143 965 258 1005 γοντι
286 953 329 999 ἐς
356 948 458 1000 τούς
488 950 729 1004 πολεμίους,
756 947 1023 1005 ἐβλασφήμει
1052 949 1126 992 καὶ
1143 948 1259 1003 ἔλεγε
1279 948 1423 990 τοιάδε
1451 944 1514 991 “013
1543 966 1624 992 κα-

143 1015 360 1069 κόδαιμον,
385 1020 464 1058 ποῖ
487 1015 598 1072 φέρῃ
614 1032 631 1068 ,·
664 1011 690 1070 ἢ
719 1016 796 1056 ov'n
819 1010 948 1057 οἶσθα
977 1017 1156 1069 βασιλέα
1185 1011 1300 1065 ὅπως
1332 1030 1379 1058 σε
1408 1013 1622 1072 φεύγοντα

141 1078 421 1136 ὖτιοδέχεταις
448 1078 477 1137 ἢ
509 1082 564 1122 ου’
589 1086 734 1136 χεῖρον
764 1083 848 1123 τῶν
876 1085 1088 1135 πολεμίων
1116 1082 1376 1124 διακείσεταί
1398 1095 1468 1123 σοι
1494 1077 1624 1131 αὗτὸς

140 1148 358 1204 βασιλεύς,
390 1151 465 1192 καί
493 1149 677 1206 κακίστῳ
706 1163 754 1190 σε
787 1147 952 1206 ὀλέθρῳ
982 1149 1280 1203 παραδίδωσιν
1309 1149 1476 1201 αὐτίκα,
1507 1150 1623 1190 ἐπει-

85 1223 129 1258 15
143 1213 222 1258 δάν
247 1230 296 1258 σε
324 1214 536 1272 φεύγοντα
568 1213 694 1271 νοήσῃ
709 1216 748 1266 ,·”
783 1214 919 1256 ταῦτα
950 1214 1080 1256 εἰπών
1111 1213 1326 1268 ἐπώτρυνε
1355 1215 1429 1256 τὸν
1469 1211 1620 1270 ἄνδρα,

139 1280 215 1324 καί
237 1285 507 1338 συστραφείς
537 1278 628 1334 ἅμα
655 1279 817 1337 Ὀμάρῃ
847 1283 906 1338 τῷ
938 1279 1221 1335 Τουραχάνεω
1243 1283 1504 1335 συνέβαλλον
1531 1287 1654 1331 τοῖς-Β

139 1348 372 1401 πολεμίοις,
405 1349 480 1390 καί
499 1345 705 1400 ἐμάχοντο
733 1347 860 1398 α’ξίως
878 1348 1018 1401 λόγου.
1047 1349 1136 1399 μετ’
1169 1349 1222 1387 ου’
1241 1346 1347 1388 πολι)
1378 1349 1425 1389 δὲ
1455 1348 1620 1401 τρεψά-

137 1429 259 1469 μενοι
288 1413 386 1463 τοὺς
414 1416 562 1463 Δᾶκας
588 1411 878 1462 ἐπιδιώκοντες
905 1411 1109 1469 ἐφόνευον
1128 1414 1433 1469 ἀφειδέστατα,
1463 1413 1620 1471 ἔφθει-

139 1496 215 1536 ρον
244 1482 360 1538 ἅμφί
395 1479 496 1530 τούς
541 1482 789 1534 δισχιλίους.
855 1478 932 1529 τὰς
961 1481 1008 1522 δὲ
1048 1479 1236 1536 κεφαλὰς
1280 1480 1510 1535 πηξάμενοι
1547 1483 1633 1524 ἐπὶ

80 1552 128 1588 20
140 1549 221 1590 τῶν
250 1544 446 1601 δοράτων
480 1544 686 1600 ἐπανῆκον
716 1547 760 1596 ἐς
789 1544 835 1587 τὸ
867 1544 1163 1600 στρατόπεδον.
1195 1545 1356 1587 καὶτὸν
1383 1547 1462 1600 μὲν
1490 1545 1617 1599 Ὀμά-

140 1628 220 1668 ρην
251 1611 498 1668 ἐδωρήσατο
526 1610 730 1666 βασιλεὺς
757 1613 808 1668 τῇ
836 1613 911 1665 τῆς
942 1612 1175 1660 Θετταλίας
1203 1613 1317 1668 α’ρχῇ
1331 1627 1342 1639 ·
1376 1610 1615 1667 Μαζούλης

137 1680 187 1722 δὲ
209 1676 274 1722 ἔτι
302 1673 367 1735 ἧν,
399 1680 474 1721 καί
502 1674 663 1733 ἄνδρας
689 1677 802 1732 ἔχων
832 1676 1026 1732 α’γαθοὺς
1053 1677 1194 1719 εἵπετο
1231 1680 1289 1736 τῷ
1315 1681 1500 1732 βασιλεῖ.

247 1745 310 1794 Ἐς
335 1746 414 1798 μὲν
443 1742 518 1799 τήν
548 1745 754 1798 δευτέραν
777 1746 861 1786 τῶν
887 1745 1042 1787 Δακῶν
1067 1741 1228 1797 τόλμαν
1260 1743 1303 1794 ἐς
1331 1743 1400 1787 τὸν
1427 1745 1502 1788 τοῦ
1530 1748 1614 1799 βα·-

135 1883 229 1912 seut.
277 1889 357 1911 cum
381 1878 531 1912 nuntius
557 1878 718 1911 venisset
753 1877 799 1910 ad
823 1877 973 1921 vigilum
1013 1877 1208 1911 stationem
1234 1888 1327 1923 quae
1352 1877 1405 1910 ibi
1434 1882 1522 1919 erat,
1548 1879 1609 1912 in-

135 1924 281 1959 dicabat
304 1925 428 1959 hostes
451 1924 659 1959 adventare.
709 1925 842 1968 singuli
872 1926 997 1969 igitur,
1022 1931 1165 1968 praeter
1190 1926 1282 1968 regis
1312 1926 1448 1964 ianuas,
1480 1925 1526 1958 ad
1549 1937 1609 1958 ar.

134 1983 194 2006 ma
218 1972 469 2018 prosiliebant.
526 1971 772 2005 Mechumetes
809 1973 993 2016 praecepit
1022 1971 1178 2016 Iosepho
1215 1977 1255 2005 ut
1291 1971 1510 2016 praecedens
1536 1972 1609 2006 ho-

133 2025 227 2054 stem
251 2019 298 2052 ad
324 2019 503 2065 praelium
522 2020 657 2052 eliciat.
708 2018 953 2052 Mechumetes
978 2018 1124 2064 quidem
1143 2030 1223 2052 cum
1250 2020 1417 2053 universo
1445 2021 1607 2054 exercitu

132 2067 173 2100 in
199 2067 304 2100 armis
331 2073 418 2100 erat.
467 2066 646 2111 Iosephus
676 2065 736 2099 ubi
767 2067 867 2100 venit
891 2066 935 2099 ad
952 2065 1104 2107 hostem,
1133 2067 1306 2100 continuo
1331 2068 1445 2100 victus
1474 2072 1540 2107 est,
1570 2073 1607 2101 et

132 2113 275 2158 fugiens
304 2113 502 2148 festinabat
535 2114 574 2146 in
600 2118 715 2146 castra
746 2115 849 2158 regis.
907 2113 1056 2147 Omares
1096 2113 1319 2147 Turachauis
1344 2114 1451 2154 filius,
1479 2115 1542 2160 qui
1569 2119 1606 2148 et

131 2161 210 2207 ipse
235 2161 420 2195 ordinatus
448 2166 524 2194 erat
547 2160 592 2193 ab
627 2160 856 2194 Mechumete
893 2165 933 2195 ut
967 2161 1129 2194 cominus
1157 2166 1378 2206 pugnaretur
1416 2173 1496 2194 cum
1533 2161 1604 2195 ho-

131 2213 200 2249 ste,
225 2207 272 2241 ad
296 2219 452 2254 pugnam
484 2208 713 2253 proficiscens
753 2209 906 2242 occurrit
935 2208 1090 2254 Iosepho
1126 2208 1294 2253 fugienti,
1322 2220 1476 2254 eumque
1502 2208 1602 2241 blas-

94 2296 98 2299 *
130 2255 339 2301 phemando
366 2261 403 2290 et
418 2255 670 2288 maledicendo
695 2255 746 2288 sic
762 2256 962 2301 alloquitur
990 2261 1034 2288 “o
1058 2255 1177 2294 miser,
1203 2267 1275 2301 quo
1294 2255 1396 2289 abis?
1423 2267 1468 2287 au
1496 2257 1602 2299 iguo-

130 2313 186 2336 τις
217 2313 347 2347 regem,
374 2302 558 2349 quomodo
588 2309 624 2336 te
653 2302 852 2347 fugientem
881 2304 928 2336 sit
952 2302 1192 2348 excepturus?
1245 2314 1289 2335 au
1319 2314 1393 2335 non
1419 2302 1601 2336 crudelius

130 2349 177 2383 ab
201 2361 284 2395 rege
315 2361 424 2396 quam
466 2349 512 2383 ab
548 2350 714 2384 hostibus
750 2350 989 2384 tractabatis?
1050 2361 1095 2382 an
1127 2361 1203 2383 non
1235 2350 1599 2394 ignominiosissimae

130 2397 237 2430 morti
267 2402 303 2431 te
326 2397 468 2438 tradet,
495 2397 558 2430 ubi
586 2403 622 2430 te
647 2398 765 2441 fugam
804 2398 928 2431 iniisse
957 2397 1153 2431 senserit?’'
1203 2396 1258 2430 his
1284 2397 1387 2430 dictis
1412 2396 1598 2430 hominem

131 2444 326 2478 commovit
360 2450 402 2478 ut
433 2455 627 2478 conversus
668 2455 740 2478 una
777 2455 857 2478 cum
882 2445 1011 2478 Omare
1037 2444 1258 2478 'l'urachanis
1293 2445 1369 2477 filio
1397 2444 1532 2477 rediret
1559 2445 1598 2478 iu

130 2491 309 2536 praelium
345 2496 382 2524 et
417 2497 594 2537 pugnaret
624 2492 830 2525 fortissime.
886 2503 955 2525 nec
990 2493 1105 2524 multo
1146 2497 1228 2536 post
1262 2492 1374 2525 Dacos
1407 2492 1445 2523 in
1475 2491 1597 2537 fugam

129 2540 262 2572 effusos
287 2545 545 2584 persequentes
575 2539 784 2572 occiderunt
808 2539 992 2585 plurimos,
1021 2539 1112 2571 nulli
1141 2544 1340 2583 parcentes.
1392 2539 1487 2571 caesi
1511 2544 1597 2573 sunt

128 2586 271 2619 circiter
292 2585 349 2618 bis
377 2586 489 2619 mille.
550 2586 786 2631 praefigentes
819 2593 941 2621 autem
967 2587 1075 2619 Turci
1111 2585 1221 2619 hastis
1261 2587 1381 2630 capita
1406 2586 1595 2628 Dacorum,

127 2633 262 2666 reversi
295 2637 379 2666 suut
414 2632 460 2666 ad
486 2643 602 2677 regem
642 2634 682 2666 in
709 2640 834 2667 castra.
891 2634 1058 2667 Omarem
1103 2644 1164 2666 rex
1197 2632 1346 2666 donavit
1385 2632 1594 2667 Thessaliae

127 2680 346 2725 principatu.
396 2680 550 2713 Mazales
577 2685 695 2713 autem
712 2680 831 2715 adhuc
854 2686 1041 2727 supererat
1064 2685 1101 2714 et
1125 2680 1345 2725 sequebatur
1368 2691 1499 2725 regem,
1525 2681 1594 2715 du-

129 2737 214 2761 cens
239 2727 333 2760 viros
358 2726 584 2760 fortissimos.

221 2774 399 2808 Dacorum
426 2774 587 2815 audacia,
614 2776 679 2822 qui
699 2776 890 2810 secundam
917 2776 955 2808 in
974 2774 1070 2818 regia
1095 2779 1210 2808 eastra
1226 2775 1464 2820 irruptionem
1490 2775 1591 2809 fece-
