1800 3172
275 190 337 239 64
600 198 815 240 JiAONlci
856 199 1360 241 CHALCOCONDYLAE

278 301 368 344 ταῖς
395 293 546 347 θύραις
576 297 856 350 διατρίβοντες
885 299 1049 338 δίαιταν
1076 293 1190 349 εἶχον
1219 295 1331 349 παρά
1365 297 1580 349 βασιλέως,
1607 294 1705 346 ‘Epe-

277 362 508 412 μανουῆλος
538 361 584 400 δὲ
611 358 845 412 ἐβασίλευε.

177 428 262 461 1391
386 424 635 478 Παιαζήτης
673 426 718 466 δὲ
749 424 769 465 ὅ
812 425 1096 479 Ἀμουροὲτεω,
1132 423 1240 477 ἔχων
1281 427 1380 476 μεθ’
1418 422 1571 466 ἑαυτοῦ
1610 422 1708 473 τούς

271 488 482 541 Ἑλλήνων
510 492 695 541 βασιλεῖς
724 487 938 542 ἐνάγοντας
965 488 1006 537 ἐς
1034 493 1165 542 τοῦτο,
1194 489 1460 543 ἐστρατεύετο
1488 487 1558 531 ἐπὶ
1576 491 1708 530 Φιλα-

276 555 476 608 δέλφειαν
507 551 624 594 πόλιν
650 553 886 608 ςΕλληνίδα.
942 553 1162 606 ἐριζόντων
1183 553 1262 607 γάρ
1297 557 1379 594 τῶν
1396 557 1601 605 βασιλέων
1615 556 1740 594 Βυ-5

279 617 443 668 ζαντίου
476 618 607 673 Ιἥτεῐτο
636 618 789 666 αὕτοὺς
820 622 891 660 καί
919 621 1240 673 Φιλαδέλφειαν,
1269 617 1307 658 οἱ
1338 619 1383 658 ὸὲ
1413 615 1576 672 ἔφασαν
1602 617 1707 658 ἀπο-

278 684 436 724 δοῦναι.
493 683 549 730 ὥς
591 684 637 723 δὲ
679 678 848 735 ἄγγελον
886 686 1182 735 ἐπιπέμποντος
1220 685 1293 724 τοῦ
1319 685 1523 733 βασιλέως
1543 678 1709 732 Ἐμμα-

279 745 478 800 νουὴλου,
507 742 616 794 ὅπως
655 749 730 787 τοῦ
768 750 914 788 λοιποῦ
942 745 1197 800 παραδόντες
1238 749 1351 801 σφᾶς
1391 749 1448 803 τῷ
1480 747 1708 802 Παιαζήτῃ

281 812 464 863 δέχοιντο
502 807 684 864 ἄρχοντα
724 814 793 852 καί
835 809 1045 865 ἁρμοστήν
1078 814 1280 864 Τοῦρκον,
1308 812 1383 851 οὐκ
1412 809 1575 866 ἔφασαν
1599 807 1710 851 ἑκόν-

237 879 355 922 Πτας
390 871 494 916 εἶναι
521 878 857 928 καταπροδοῦναι
885 878 997 930 σφᾶς
1023 878 1080 933 τῷ
1107 879 1322 932 βαρβάρῳ,
1351 876 1420 916 καί
1446 875 1491 916 τὸ
1519 873 1710 916 ἐντεῦθεν
1723 883 1766 915 10

279 938 510 995 ἐπολιόρκει
540 942 848 994 Φιλαδέλφειαν
892 941 1165 994 Παιαζήτης,
1206 939 1313 992 ἔχων
1339 943 1411 981 καί
1434 939 1533 987 τούς
1557 936 1708 992 ‘Eun'-

278 1020 359 1045 νων
389 1008 586 1057 βασιλεῖς.
646 1003 684 1045 οἱ
715 1006 760 1045 δὲ
781 1005 1035 1057 ἀριστεῦσαί
1058 1020 1100 1045 τε
1127 1006 1259 1045 αὐτοῦ
1288 1007 1486 1057 λέγονται,
1516 1004 1588 1044 καί
1609 1004 1707 1044 dva-

276 1065 425 1120 βάντες
453 1063 566 1110 οὗτοι
611 1071 774 1123 πρῶτον
813 1065 922 1111 εἷλον
953 1068 1026 1121 τὴν
1066 1069 1196 1109 πόλιν.
1252 1065 1362 1110 οὕτω
1388 1071 1467 1120 μὲν
1495 1063 1569 1108 οὖν
1597 1065 1708 1108 ἑάλω

279 1134 565 1188 Φιλαδέλφεια
594 1133 618 1186 ἦ
649 1135 721 1187 τῆς
747 1135 916 1181 Λυδίας
945 1131 1059 1180 πόλις
1088 1134 1371 1187 εὐνομουμένη
1395 1134 1595 1186 ιΕλληνίς.

388 1195 514 1238 Μετὰ
545 1199 590 1239 δὲ
626 1200 758 1238 ταῦτα
799 1195 1046 1251 Παιαζήτης
1083 1193 1260 1250 ἤλαυνεν
1289 1199 1358 1238 ἐπὶ
1385 1199 1610 1250 Σκενδέρεα
1637 1194 1706 1237 τὸν
1723 1205 1764 1237 15

276 1262 357 1302 τῶν
395 1257 625 1315 Ἀρμενίων
657 1264 856 1314 βασιλέα,
901 1264 971 1303 καί
1012 1263 1082 1303 ἐπὶ
1106 1260 1324 1315 Ἐρτζικιὶν
1364 1262 1506 1315 πόλιν,
1547 1259 1596 1303 τά
1625 1263 1708 1302 τῶν

277 1327 501 1378 Ἀρμενίων
526 1328 739 1378 βασίλεια,
780 1327 852 1366 καί
891 1325 962 1366 ἐπί
988 1324 1206 1378 Λάμαχαν
1239 1328 1448 1379 πολίχνιον
1475 1328 1707 1379 λεγομένην.

277 1393 435 1443 λέγεται
465 1392 510 1432 δὲ
537 1385 655 1438 οὗτος
685 1389 706 1431 ὁ
729 1390 958 1444 Σκενδὲρης
983 1391 1063 1432 ταῖν
1081 1389 1309 1445 βαρβάρων
1333 1392 1470 1447 πολλῷ
1495 1391 1576 1431 τῶν
1605 1390 1704 1430 κατὰ

168 1464 204 1496 Ρ.
219 1461 265 1496 34
280 1453 354 1508 τήν
383 1454 527 1496 Ἀσίαν
569 1454 859 1508 ἀνδρειότατος
901 1455 973 1494 καί
1004 1453 1052 1495 τοὶ
1098 1454 1140 1502 ἐς
1185 1454 1362 1507 πόλεμον
1395 1453 1522 1510 τόλμῃ
1566 1469 1609 1495 τε
1636 1455 1709 1495 καί

277 1518 398 1575 ῥώμῃ
426 1517 616 1569 σώματος
644 1521 837 1572 γενέσθαι
871 1517 1039 1566 ου’δενός
1070 1517 1275 1573 δεύτερον,
1306 1518 1362 1567 ὥς
1381 1516 1580 1561 ἐπιόντων
1607 1519 1704 1558 ποτὲ
1718 1524 1763 1558 20

277 1581 389 1641 αὑτῷ
429 1586 509 1624 τῶν
551 1582 783 1637 Ἀσσυρίων
822 1581 1017 1632 πολλάκις
1048 1581 1148 1636 ἔργα
1186 1583 1484 1634 ἀποδείξασθαι
1511 1578 1607 1632 ἄξια
1637 1583 1706 1622 zd-

366 1703 399 1737 9-
422 1704 589 1743 ἑκόντεςὲ
710 1704 763 1738 17.
788 1702 988 1748 λεγόμενον
1014 1702 1043 1735 H

276 1809 477 1842 adduceret.
527 1807 743 1841 Andronicus
771 1814 807 1841 et
834 1809 928 1840 filius
954 1809 1028 1840 eius
1050 1810 1211 1847 Ioannes,
1237 1813 1410 1842 morantes
1435 1808 1473 1841 in
1498 1808 1626 1850 ianuis,
1648 1809 1703 1841 vi-

276 1862 368 1889 ctum
395 1854 489 1900 apud
516 1866 627 1898 regem
653 1854 820 1887 habuere.
870 1854 1041 1886 Emanuel
1066 1865 1172 1898 regno
1201 1855 1364 1898 praefuit.

367 1913 536 1944 Paiazites
564 1912 736 1944 Amuratis
762 1912 854 1943 filius
879 1911 1013 1944 habens
1038 1921 1151 1943 secum
1181 1911 1393 1943 Graecorum
1426 1908 1633 1956 reges,'qui
1659 1910 1703 1942 ad

278 1959 312 1991 id
341 1969 418 1990 eum
444 1968 555 2002 usque
580 1958 788 1998 incitabant,
815 1968 908 1989 arma
936 1963 1056 1990 contra
1083 1956 1364 2001 Philadelphiam
1389 1957 1511 1990 urbem
1535 1957 1714 1990 Graecam.

276 2005 429 2038 vibravit
500 2003 800 2036 contendentibus
824 2014 974 2047 namque
1012 2004 1104 2036 inter
1132 2014 1168 2035 se
1199 2004 1351 2044 Byzantii
1385 2003 1534 2046 regibus,
1558 2002 1704 2047 petebat

279 2062 337 2083 rex
362 2050 532 2083 Paiazites
565 2049 632 2082 sibi
666 2049 741 2089 dari
781 2048 1072 2092 philadelphiam.
1133 2049 1192 2092 qui
1221 2060 1257 2080 se
1294 2049 1330 2080 id
1358 2049 1509 2082 facturos
1533 2049 1703 2093 promise-

278 2103 368 2129 runt.
417 2107 495 2128 cum
521 2101 638 2128 autem
666 2096 836 2127 Emanuel
873 2096 1023 2128 misisset
1046 2105 1268 2139 praeconem,
1293 2095 1352 2138 qui
1379 2096 1560 2127 nuntiaret
1584 2094 1704 2126 Phila·

279 2142 446 2187 delphine
478 2141 612 2174 civibus
650 2147 689 2174 ut
727 2153 763 2173 se
807 2141 1002 2184 urbemque
1044 2140 1215 2173 dederent
1238 2140 1391 2180 Paiaziti,
1432 2141 1703 2185 acciperentque

278 2200 356 2221 cum
391 2187 542 2220 iudicem
578 2193 651 2220 tum
677 2187 893 2232 praefectum
917 2188 1093 2226 Tmeum,
1127 2185 1383 2230 responderunt
1418 2197 1454 2219 se
1494 2186 1702 2230 neutiquam

279 2240 420 2279 paratos
457 2245 531 2266 esse
566 2239 604 2266 ut
641 2234 767 2277 seipsi
803 2233 996 2277 proderent
1020 2232 1181 2264 barbaro.
1241 2243 1311 2276 qno
1352 2242 1519 2276 responso
1548 2233 1702 2264 irritatus

280 2281 449 2313 Paiazites
478 2279 599 2312 urbem
627 2279 838 2312 exercitibus
868 2278 1109 2317 circumsedit,
1141 2277 1271 2310 ducens
1297 2288 1412 2309 secum
1437 2277 1482 2310 ad
1506 2277 1540 2310 id
1567 2277 1702 2310 bellum

280 2327 493 2358 Graecorum
522 2336 642 2368 reges,
667 2327 728 2370 qui
758 2325 887 2357 ibidem
914 2324 1052 2357 virtutis
1079 2325 1233 2368 praemia
1261 2329 1343 2356 sunt
1368 2325 1573 2356 consecuti:
1599 2323 1701 2368 primi

280 2373 412 2406 etenim
436 2371 711 2404 conscendentes
735 2382 873 2403 murum
898 2370 1018 2402 urbem
1044 2381 1182 2414 cepere.
1230 2374 1266 2401 et
1294 2370 1331 2402 in
1355 2368 1450 2402 hunc
1470 2369 1614 2402 modum
1643 2380 1702 2401 cu·

279 2424 338 2462 pta
364 2423 416 2451 est
441 2417 699 2462 Philadelphia,
725 2417 807 2450 urbs
831 2416 964 2460 Lydiae
991 2417 1142 2456 Graeca,
1180 2415 1317 2458 legibus
1346 2415 1488 2460 optimis
1515 2426 1604 2460 quae
1633 2415 1703 2448 suit

279 2463 435 2496 fundata.

1564 2494 1571 2505 .

370 2521 494 2553 Postea
520 2519 653 2552 bellum
680 2519 803 2552 intulit
824 2519 991 2552 Pniazites
1017 2517 1183 2551 Scenderi
1198 2518 1439 2551 Armeniorum
1466 2518 1549 2561 regi.
1597 2528 1704 2562 prae-

279 2571 374 2598 terea
400 2566 578 2606 Erfflcam,
617 2566 861 2598 Armeniorum
890 2565 985 2608 regni
1010 2563 1140 2604 sedem,
1168 2569 1203 2596 et
1227 2564 1445 2603 Lamacham,
1469 2564 1518 2596 sic
1541 2564 1703 2608 appella-

279 2617 352 2643 tum
380 2612 611 2655 oppidulum,
651 2612 748 2644 bello
773 2611 890 2656 petiit.
940 2610 1150 2643 Scenderem
1189 2610 1282 2642 hunc
1309 2610 1453 2642 tradunt
1476 2609 1704 2642 barbarorum

279 2658 391 2689 Asiam
417 2659 646 2691 incolentium
675 2659 782 2690 fuisse
808 2658 916 2689 multo
944 2657 1183 2695 fortissimum,
1225 2667 1290 2688 uec
1318 2656 1392 2688 ullo
1414 2656 1614 2689 mortalium
1641 2666 1704 2687 ex-

280 2703 393 2735 titisse
421 2705 470 2736 rei
501 2704 662 2737 militaris
688 2704 833 2736 scientia
859 2703 1084 2748 corporisque
1112 2701 1235 2735 robore
1263 2708 1298 2735 et
1323 2701 1468 2735 audacia
1486 2701 1701 2735 inferiorem.
