1884 3178
516 162 589 201 DE
630 160 803 200 REBUS
842 158 1096 201 TURCIClS
1137 161 1183 200 L.
1213 160 1286 200 111.
1514 154 1609 198 123

147 274 261 300 κεινα
292 255 468 312 ἡμέρας.
539 261 615 314 τῆς
641 261 785 312 μέντοι
821 258 981 312 ἡμέρας
1013 255 1111 313 ὅλης
1139 260 1240 314 μηδ’
1271 255 1414 300 ὁτιοῦν
1444 257 1611 311 προσίε-

145 327 252 367 σθαι
291 324 396 380 μήτε
439 328 603 380 τροφῆς
646 323 752 379 μήτε
794 322 979 378 πόσεως,
1026 321 1208 379 ἑσπέρας
1239 326 1309 378 δέ,
1342 321 1444 367 ὅταν
1473 320 1612 377 ἄστρα

146 392 365 446 φαίνηται,
398 392 662 442 σιτίζεσθαι·
701 389 868 433 πάντων
898 391 945 432 δὲ
972 391 1155 443 μάλιστα
1186 391 1256 433 τὸν
1279 390 1435 446 χρόνον
1465 392 1613 432 τοῦτον

143 455 205 510 μή
235 458 387 508 ἐξεῖναι
417 456 532 500 οἴνου
564 459 740 500 πιέσθαι
766 454 814 498 τὸ
846 454 1063 510 παράπαν.
1135 458 1462 509 περιτέμνεσθαι
1492 457 1538 498 δὲ
1565 455 1612 497 τὸ

109 523 311 566 miseco»
351 525 507 578 χρῆναι
539 520 818 565 παντάπασιν.
886 524 1049 576 Ἰησοῦν
1094 523 1141 564 δὲ
1170 524 1276 563 θεοῦ
1303 537 1348 564 τε
1383 520 1615 565 ἀπόστολον

142 590 343 642 γενέσθαι
372 590 557 644 νομίζει,
602 592 674 630 καὶ
712 591 755 640 ἐξ
802 588 978 643 ἀγγέλου
1021 590 1098 630 τοῦ
1140 588 1336 643 Γαβριὴλ
1362 587 1436 629 καί
1464 589 1510 630 έκ
1541 590 1616 641 τῆς

145 653 344 709 Μαρίας,
370 658 586 710 παρθένου
618 671 662 697 τε
694 652 823 711 οὔσης
859 656 935 696 καί
959 656 1112 710 μηδενί
1140 654 1268 709 ἀνδρί
1295 656 1613 709 συγγενομένης,

143 723 339 776 γεννῆσαι
363 721 554 777 Ἰησοῦν,
600 720 719 778 ἥρωά
751 738 848 764 τινα
878 723 1013 776 μείζω
1044 719 1069 776 ἢ
1095 719 1201 763 κατὰ
1233 716 1483 776 ἄνθρωπον·
1541 723 1615 762 καί

143 789 186 836 ἐς
215 787 291 844 τὴν
336 789 534 844 τελευτὴν
570 791 698 832 τοῦδε
742 791 821 830 τοῦ
848 788 1030 843 κόσμου,
1071 785 1247 830 ἐπειδάν
1286 789 1331 836 ές
1366 789 1506 839 κρίσιν
1532 788 1614 828 ταῖν

87 864 130 899 10
144 858 270 912 σφίσι
294 857 564 909 βεβιωμένων
602 858 890 898 καθιστῶνται
928 854 967 897 οἱ
1009 850 1260 908 ἅνθρωποι,
1288 853 1427 908 τόνγε
1456 855 1655 907 Ἰησοῦνο

145 923 280 978 φασίν
309 918 492 974 ἄγεσθαι
522 921 745 978 διαιτητὴν
773 925 851 963 τοῦ
879 919 1051 975 κόσμου.
1107 921 1212 970 συὸς
1242 923 1289 962 δὲ
1319 921 1379 974 μὴ
1400 916 1613 961 ἅπτεσθαι

143 989 271 1041 θέμις
299 983 433 1041 εἶναι,
475 991 550 1031 καί
579 985 630 1031 τά
658 1003 706 1043 γε
740 991 829 1040 ζαῖα
859 989 993 1030 πάντα
1025 990 1266 1041 ἐσθίουσιν,
1289 983 1343 1028 ἂν
1369 989 1513 1039 μέντοι
1545 986 1616 1028 ἐπὶ

141 1053 312 1115 σφαγὴν
339 1057 554 1109 γένωνται.
586 1054 686 1097 θεὸν
714 1057 792 1109 μὲν
814 1051 889 1096 οὖν
919 1055 992 1096 ἕνα
1025 1054 1230 1110 έφωτῶσι
1258 1054 1368 1110 τῷδε
1395 1055 1451 1110 τῷ
1480 1054 1616 1103 παντί,

143 1119 374 1176 ὖπηρέταις
391 1122 439 1163 δὲ
468 1120 690 1177 χριόμενον
722 1127 810 1171 τοῖς
838 1123 1043 1176 πυρίνοις,
1078 1115 1107 1178 ᾗ
1138 1121 1260 1176 φασί,
1293 1119 1417 1168 νόοις.
1449 1133 1615 1170 πεπομ-

89 1198 131 1233 15
145 1189 269 1244 φέναι
300 1189 347 1229 δὲ
379 1189 591 1244 Μεχμέτη
620 1191 663 1238 ἐς
682 1187 733 1230 τὰ
765 1190 914 1243 ἐλλιπῆ
940 1193 1026 1237 τοῖς
1053 1186 1255 1242 πρότερον
1285 1188 1617 1242 ἑπιπεμφθεῖσιν

144 1253 228 1311 ὖῃὸ
258 1256 363 1296 θεοῦ
391 1256 435 1304 ἐς
466 1253 538 1310 τὴν
563 1255 808 1310 οἰκουμένην
836 1257 1102 1307 νομοθέταις.
1157 1252 1371 1307 κάθαρσιν
1390 1255 1436 1294 δὲ
1468 1251 1614 1306 ἧγοῦν·

143 1335 212 1362 ται
257 1318 334 1375 τήν
359 1335 404 1362 τε
448 1320 679 1375 περιτομὴν
707 1323 832 1376 σφίσι
870 1318 1037 1361 πάντων
1076 1319 1126 1374 δὴ
1159 1319 1371 1374 μάλιστα,
1411 1321 1456 1360 έν
1488 1313 1516 1375 ᾗ
1544 1320 1616 1360 καί

143 1384 308 1441 γάμους
330 1388 561 1429 ποιοῦνται.
619 1386 757 1443 ταφὰς
786 1388 833 1428 δὲ
864 1388 1010 1434 αὐτοῖς
1040 1384 1154 1440 παρὰ
1187 1385 1262 1435 τὰς
1292 1383 1417 1434 ὄδοὺς
1447 1386 1613 1437 νομίζε·

145 1468 216 1494 ται
245 1455 454 1507 γίνεσθαι,
484 1453 556 1496 καί
584 1455 714 1510 μηδὲν
745 1449 848 1495 ἄλλο
886 1455 1039 1503 ἐξεῖναι
1070 1455 1264 1497 θάπτειν.
1322 1451 1535 1494 θάπτουσι
1567 1453 1613 1493 δὲ

84 1519 369 1570 2ολούσαντες
395 1522 470 1562 καί
494 1522 608 1577 ξυρῷ
638 1517 730 1574 ἅμα
763 1518 810 1561 τὸ
843 1521 980 1572 σῶμα.
1040 1521 1256 1571 νομίζεται
1285 1520 1322 1560 δ’
1349 1517 1409 1560 ἔτι
1441 1517 1514 1559 καί
1543 1516 1657 1566 ’τό-ι)

142 1585 204 1639 δε,
235 1585 282 1637 ὃς
311 1582 364 1628 ἄν
394 1587 455 1641 μη
485 1589 684 1642 πείθηται
711 1588 771 1644 τῷ
797 1588 926 1644 νόμῳ,
958 1588 1159 1628 τελευτᾶν
1191 1588 1249 1642 τῷ
1277 1586 1452 1643 σιδήρῳ.
1505 1580 1609 1638 Ἀρ-

138 1654 308 1705 μενίους
339 1655 386 1696 δὲ
419 1653 577 1707 μόνους
625 1654 709 1695 ταῖν
754 1649 894 1695 ἄλλων
927 1655 1065 1695 ἐθνῶν
1104 1654 1425 1708 διαφερομένων
1463 1655 1612 1708 σφίσιν

141 1720 185 1768 ἐς
212 1717 290 1774 την
319 1721 549 1776 θρησκείαν
590 1716 664 1761 οὔκ
708 1719 1121 1774 ἀνδραποδίζεσθαι,
1166 1718 1225 1768 ὥς
1266 1718 1497 1774 Ἀρμενίων
1531 1721 1613 1762 τινί

142 1896 246 1930 spere
271 1885 427 1927 demum,
453 1886 516 1920 ubi
555 1887 624 1920 iam
654 1887 876 1921 coruscat-int
914 1892 1030 1927 astra,
1057 1886 1100 1919 ad
1126 1887 1244 1919 cibum
1271 1886 1488 1931 capiendum
1514 1897 1606 1920 con-

143 1939 344 1977 gregantur.
395 1934 489 1966 nulii
515 1940 635 1968 autem
663 1935 760 1976 lieet,
786 1935 855 1968 isto
881 1935 1091 1979 praesertim
1110 1940 1286 1979 tempore,
1312 1934 1434 1967 vinum
1465 1939 1606 1977 gustare

142 1991 300 2026 prorsus.
350 1981 546 2014 mentulam
574 1987 686 2015 totam
712 1982 955 2015 circuncidere
985 1983 1116 2015 solent.
1167 1982 1387 2015 confitentur
1410 1982 1520 2014 'run-ci
1550 1983 1607 2013 le-

142 2038 218 2060 sum
247 2027 307 2061 dei
331 2039 409 2061 esse
435 2029 651 2074 apostolum.
716 2028 822 2062 deum
851 2031 983 2062 etenim
1011 2041 1054 2063 ex
1079 2030 1208 2074 angeio
1235 2029 1406 2061 Gabriele
1432 2034 1468 2061 et
1493 2028 1606 2062 Maria

142 2075 294 2119 virgine,
319 2085 412 2120 quae
438 2076 580 2109 nullum
607 2082 821 2120 cognoverat
847 2078 974 2117 virum,
999 2078 1115 2116 lesum
1143 2077 1320 2120 genuisse,
1346 2076 1458 2109 heroa
1486 2086 1606 2120 quen-

142 2121 224 2155 dam
249 2121 395 2156 homine
421 2124 594 2157 maiorem
631 2125 706 2156 sive
741 2125 990 2169 augustiorem.
1054 2125 1093 2157 in
1125 2124 1319 2157 novissimo
1348 2123 1433 2163 die,
1458 2122 1606 2167 quando

143 2170 347 2203 universale
378 2170 549 2204 iudicium
577 2177 791 2216 peragetur,
818 2172 922 2205 aiunt
957 2173 1077 2205 Iesum
1105 2171 1230 2204 muudi
1268 2170 1422 2204 iudicem
1450 2170 1523 2202 sive
1549 2181 1606 2202 ar·

140 2215 275 2250 biti-um
301 2217 388 2250 fore.
414 2229 514 2250 suem
539 2219 718 2263 attingere
731 2219 839 2253 Turci
871 2218 965 2252 haud
996 2219 1048 2252 fas
1075 2219 1307 2252 arbitrantur.
1360 2218 1498 2262 reliqua
1525 2217 1605 2250 ani-

142 2264 250 2297 malia
287 2263 419 2305 edunt,
459 2266 488 2298 si
516 2272 668 2299 mactata
707 2266 854 2299 fuerint.
916 2265 1026 2299 deum
1052 2266 1207 2299 universi
1234 2277 1312 2299 esse
1343 2264 1604 2297 moderatorem

141 2309 237 2344 haud
263 2312 463 2356 ambigunt,
486 2312 647 2346 dieentes
676 2324 756 2346 eum
780 2315 833 2346 uti
858 2314 1028 2346 ministris
1055 2313 1250 2353 mentibus,
1280 2318 1320 2346 ut
1343 2317 1484 2351 vocant,
1510 2311 1603 2355 igni-

141 2358 198 2391 tis.
248 2359 455 2393 existimant
486 2365 603 2394 autem
633 2361 870 2403 Meciimetem
907 2362 1048 2394 venisse
1087 2362 1231 2394 missum
1258 2371 1277 2392 a
1304 2359 1385 2400 deo,
1411 2364 1450 2391 ut
1476 2369 1516 2391 ea
1546 2369 1603 2391 re-

140 2405 329 2448 plerentur
362 2408 400 2440 iu
429 2407 563 2452 quibus
598 2407 779 2441 defectum
819 2408 1050 2453 patiebantur
1089 2408 1194 2453 prisci
1235 2418 1254 2439 a
1289 2406 1358 2439 deo
1383 2404 1604 2451 prodeuntes

141 2452 374 2496 legislatores.
424 2455 718 2488 circuncisionem
739 2454 900 2489 iudicant
925 2467 1003 2489 esse
1032 2455 1283 2501 purgationem
1311 2453 1471 2486 omnium
1499 2463 1602 2497 prae-

141 2500 306 2544 cipuam:
347 2501 500 2545 proinde
532 2503 803 2536 circuncisionis
848 2508 1010 2549 tempore
1045 2502 1188 2547 nuptias
1221 2500 1449 2534 contrahunt.
1510 2500 1605 2533 solet

141 2546 240 2580 istud
270 2546 454 2581 hominum
494 2560 605 2593 genus
630 2550 794 2595 sepulcra
831 2550 929 2584 iuxta
956 2551 1029 2583 vias
1058 2550 1245 2588 collocare,
1272 2559 1338 2581 nec
1363 2547 1402 2580 in
1429 2547 1505 2580 ullo
1530 2547 1603 2579 alio

141 2593 223 2627 loco
253 2595 408 2639 sepelire
435 2597 530 2630 licet.
563 2592 771 2642 sepulturae
797 2603 915 2631 autem
948 2596 1122 2629 mandant
1147 2595 1318 2629 cadavera
1345 2594 1419 2628 lota
1444 2600 1481 2627 et
1506 2595 1604 2627 omni

142 2652 162 2674 a
186 2647 288 2686 parte
315 2653 404 2677 rasa.
455 2649 509 2676 est
534 2649 571 2677 et
596 2645 666 2677 alia
700 2645 771 2685 lex,
795 2655 889 2690 quae
918 2644 1021 2677 iubet
1049 2654 1172 2689 parere
1191 2642 1408 2687 legislatori:
1434 2652 1508 2674 nou
1538 2641 1605 2674 ob-

141 2692 400 2734 temperantem
425 2690 546 2733 gladio
575 2691 693 2725 ultore
722 2692 818 2725 ferit.
856 2703 899 2725 ex
925 2692 1100 2725 Armeniis
1126 2690 1223 2730 solis,
1254 2690 1415 2735 quamvis
1444 2689 1490 2721 ab
1516 2689 1602 2733 ipsis

139 2735 179 2769 in
205 2735 391 2780 religionis
418 2738 564 2782 negotio
590 2738 820 2779 dissentiant,
846 2739 1023 2785 mancipia
1057 2749 1131 2771 non
1161 2737 1329 2782 rapiunt,
1368 2736 1453 2782 quia
1478 2737 1601 2769 Armo-
