1800 3172
211 213 272 256 86
592 214 754 256 LAONl
760 214 812 256 c1
851 214 1357 258 CHALCOCONDYLAE

210 312 283 352 καί
308 314 349 360 ἐς
379 313 428 352 τά
461 314 652 362 βασίλεια
681 313 1002 365 παραγινόμενοι
1030 312 1157 368 αὐτῷ,
1191 309 1215 352 δ’
1236 328 1279 353 τε
1302 314 1377 366 τῆς
1405 316 1642 368 Βουργουν-

210 376 300 425 τίας
327 374 490 430 ἡγεμών
526 374 669 429 χώρας
705 378 927 431 πολλῆςᾲτε
959 379 1031 418 καί
1053 377 1256 430 μεγάλης,
1284 377 1357 419 καί
1384 377 1542 420 πόλεων
1570 374 1642 420 ἅλ’-

210 445 292 482 λων
321 456 365 481 τε
395 440 469 481 καί
494 443 567 494 τῆς
597 442 816 494 Βρουγίων
845 439 1002 489 πόλεως
1029 443 1101 483 καί
1118 442 1311 492 Κλοζίων
1330 445 1547 496 παραλίων
1572 444 1644 484 καί

209 504 423 559 Γαντύνης
451 504 604 558 πόλεως
639 503 885 557 εὐδαίμονός
913 521 955 547 τε
983 506 1055 546 καί
1090 504 1273 560 μεγάλης
1304 508 1377 548 καί
1401 511 1642 560 μεσογαίου.

172 567 297 610 Βέστι
324 572 361 609 δ’
389 570 504 626 αὐτῷ
535 570 559 623 ἢ
589 571 806 624 Βρουγίων
833 570 952 618 πόλις
992 569 1175 624 πάραλος
1205 570 1321 624 παρὰ
1351 571 1423 613 τὸν
1447 571 1676 626 ὦκεανόν,5

211 634 384 688 ἀντικρὺ
413 635 484 689 τῆς
508 637 762 690 Βρετανικῆς
784 631 986 689 ’.Αγγλάκς
1015 633 1125 676 οὕτω
1154 638 1408 690 καλουμένης
1433 635 1572 690 νήσου,
1599 637 1642 690 ἐς

208 697 261 752 ἣν
291 699 538 753 ὁρμίζονται
565 702 657 754 νῆες
677 698 759 740 α’πό
788 715 831 741 τε
859 702 929 753 τῆς
957 698 1161 754 ἡμετέρας
1189 701 1314 753 τῆσδε
1332 699 1545 754 θαλάσσης
1573 700 1645 742 καὶ

210 762 292 804 ἀπὸ
325 765 409 804 τῶν
438 765 479 811 ἐς
522 764 589 806 τὸν
618 761 801 806 ὠκεανὸν
840 766 1002 825 πόλεων
1031 768 1105 819 τῆς
1133 780 1177 805 τε
1206 765 1442 818 Γερμανίας
1462 762 1645 820 Ἰβηρίας

207 827 405 882 ’Λγγλίας
432 832 589 878 Δακίας
617 830 689 872 καί
714 832 793 871 τῶν
819 832 974 870 λοιπῶν
1002 832 1271 871 δυναστειῶν.
1300 831 1432 883 διέχει
1463 831 1510 871 δὲ
1540 827 1644 884 αὕτη

206 893 234 946 ἦ
262 892 380 942 πόλις
410 893 491 935 α’πό
518 895 722 949 Ἀγγλιάς
741 894 938 944 σταδίους
968 895 1210 950 πεντήκοντα
1237 897 1309 937 καί
1326 893 1482 939 ἑκατόν.
1540 895 1564 949 ἦ
1597 897 1640 937 δὲ
1655 901 1698 939 10

205 956 328 1012 χώρα
358 955 470 1014 ζαῦτη
511 964 695 1002 καλεῖται
727 959 957 1013 Φλανδρία,
1003 962 1074 1000 καί
1115 962 1198 1002 εἰσί
1234 958 1396 1008 τούτοις
1423 964 1510 1006 τοῖς
1548 958 1643 1013 ἦγε-

206 1022 307 1075 μόσι
350 1026 662 1078 Βουργουντιάς
709 1024 809 1078 ἔργα
851 1025 1174 1077 ἀποδεδειγμένα
1215 1020 1311 1075 ἄξια
1348 1023 1466 1077 λόγου
1499 1025 1542 1072 ἐς
1568 1022 1644 1078 τήν

209 1087 417 1141 Κελτικήν
458 1087 602 1142 χώραν
647 1090 750 1144 πρὸς
778 1104 821 1130 τε
867 1087 993 1130 αὐτὸν
1029 1092 1210 1142 βασιλέα>
1235 1093 1308 1142 τῆς
1335 1091 1547 1137 Γαλατίας
1573 1088 1647 1130 καί

208 1150 308 1206 πρὸς
339 1152 437 1201 τοὺς
461 1153 715 1207 Βρετανούς.
767 1152 870 1206 μετοὶ
902 1154 948 1194 δὲ
979 1154 1110 1194 ταῦτα
1141 1154 1301 1207 ἡγεμών
1329 1154 1399 1194 ἐπὶ
1425 1155 1500 1207 τῆς
1526 1152 1643 1208 ἠπεί-

170 1230 286 1270 ερου
317 1217 552 1271 Βρετανιάς
597 1217 738 1272 ἔχεται
776 1220 822 1260 ἑκ
848 1220 918 1273 τῆς
958 1220 1034 1272 γῆς
1060 1222 1132 1272 τῆς
1157 1222 1231 1261 τοῦ
1259 1222 1463 1271 βασιλέως
1490 1216 1641 1272 χώρας.
1658 1226 1699 1263 15

209 1283 280 1323 ἐπὶ
307 1284 354 1323 δὲ
397 1283 559 1331 τούτοις
587 1283 751 1337 ἡγεμών
787 1285 859 1337 τῆς
891 1313 902 1324 .
934 1314 945 1324 .
981 1312 992 1324 .
1027 1313 1038 1324 .
1067 1283 1224 1325 τούτων
1255 1285 1301 1324 δὲ
1329 1281 1470 1336 ἔχεται
1493 1285 1645 1337 χωρῶν

210 1344 407 1400 ἡγεμόνος
438 1349 633 1400 Σαβωΐας
657 1349 790 1402 χώρα,
818 1347 979 1402 μεγάλη
1007 1363 1049 1389 τε
1076 1347 1149 1389 καί
1172 1346 1445 1401 ὖπερκαλλής,
1475 1346 1544 1388 ἐπὶ
1563 1351 1646 1389 Λι-

92 1424 134 1459 V.
148 1423 194 1458 36
210 1414 359 1466 γυρίαν
389 1412 646 1466 καθήκουσα.
701 1412 804 1467 πρὸς
835 1415 880 1455 δὲ
915 1413 991 1466 τὴν
1018 1414 1204 1466 πάραλον
1231 1414 1376 1466 χώραν
1403 1414 1478 1467 τῆς
1505 1414 1645 1454 Γαλα-

210 1479 303 1526 τίας
348 1470 430 1519 ὦδε
470 1472 522 1518 ἄν
550 1493 625 1530 μοι
660 1479 864 1520 διακέοιτο
891 1477 995 1532 πρὸς
1037 1477 1234 1532 ἱστορίαν.
1291 1478 1315 1532 ἦ
1348 1481 1483 1531 μέντοι
1512 1474 1644 1530 Ἰανύη

211 1541 320 1595 πύλη
349 1558 409 1590 τις
442 1538 547 1584 οὖσα
580 1543 660 1596 τῆς
690 1545 902 1591 Γαλατίας
942 1544 1081 1596 ἐπέχει
1123 1540 1297 1597 χώραν,
1328 1544 1398 1583 ἐπί
1423 1541 1499 1596 τήν
1526 1545 1700 1596 Ilpa-20

210 1606 401 1658 βεντζίαν
427 1605 686 1662 καθήκουσα,
715 1602 764 1661 ἧς
791 1605 913 1662 ἄρχει
943 1607 963 1650 ὃ
1001 1610 1074 1650 τοῦ
1107 1607 1219 1650 οἴκου
1247 1608 1319 1649 τοῦ
1341 1610 1546 1660 βασιλέως
1571 1608 1644 1661 τῆς

211 1674 421 1721 Γαλατίας
448 1672 653 1728 Ῥογὲριος
677 1674 886 1726 βασιλεύς.
942 1669 993 1727 ἦν
1020 1675 1275 1727 μητρόπολις
1302 1672 1328 1726 ἧ
1359 1674 1489 1714 Νίτια
1520 1675 1644 1726 Προ-

307 1788 338 1820 1.
363 1788 665 1835 παραγενόμενοι
689 1790 712 1822 P
808 1789 861 1822 14.
886 1790 1110 1835 Βρετανιούς
1135 1791 1158 1823 Ρ
1288 1790 1349 1825 ἐπὶ
1374 1788 1448 1837 τῆς]
1476 1787 1535 1831 τῆς
1558 1788 1643 1824 ent?

214 1895 484 1939 opulentissimi,
509 1896 570 1940 qui
596 1895 669 1939 regi
694 1901 830 1940 parent,
854 1907 991 1941 semper
1011 1897 1046 1929 in
1072 1897 1187 1928 aulam
1207 1896 1283 1929 eius
1308 1895 1526 1929 accedentes.
1576 1895 1644 1929 ho-

216 1953 294 1973 rum
318 1940 361 1973 de
389 1953 492 1984 grege
518 1947 570 1974 est
595 1942 815 1985 Burgundiae
840 1942 922 1981 dux,
950 1943 1153 1987 imperitans
1179 1943 1313 1986 regioni
1338 1953 1482 1985 magnae
1506 1952 1661 1985 necnon¹

219 1987 366 2019 urbibus
394 1988 570 2031 plurimis;
606 1988 700 2021 inter
733 1999 817 2033 quas
854 1990 958 2022 etiam
995 1994 1196 2022 recensetur
1234 1990 1460 2032 Brugeusium
1494 1988 1576 2021 urbs
1609 1994 1646 2021 et

220 2033 419 2065 Cloziorum
463 2034 743 2075 maritimorum,
781 2046 920 2067 necnon
954 2035 1139 2077 Gantyna,
1176 2034 1257 2067 urbs
1291 2046 1414 2078 magna
1444 2039 1480 2067 et
1516 2029 1645 2067 florens

223 2079 360 2123 opibus.
412 2085 465 2112 est
487 2086 604 2113 autem
628 2082 856 2124 Brugcnsium
886 2081 968 2113 urbs
992 2082 1176 2120 maritima,
1205 2081 1347 2113 Oceano
1373 2080 1534 2113 adiacens
1557 2091 1576 2113 e
1591 2091 1647 2113 re-

220 2127 326 2169 gione
355 2127 527 2169 Anghae,
563 2127 702 2159 insulae
742 2128 791 2160 sic
821 2128 1038 2171 appella¹ae;
1076 2127 1119 2159 ad
1146 2138 1250 2171 quam
1277 2133 1312 2159 et
1350 2134 1456 2159 naves
1482 2137 1501 2158 a
1525 2131 1645 2160 nostro

217 2172 303 2204 mari
329 2177 364 2205 et
397 2172 441 2204 ab
477 2172 623 2205 urbibus
648 2174 685 2205 in
712 2173 890 2206 Oceanum
917 2173 1163 2216 vergentibus,
1189 2172 1233 2204 ab
1263 2173 1451 2205 Germania
1477 2173 1645 2216 Hispania

216 2219 343 2261 Anglia
379 2218 557 2264 Daciaque
596 2224 632 2252 et
669 2231 688 2251 a
726 2220 870 2264 reliquis
908 2220 1111 2262 regionibus
1145 2220 1340 2263 appellunt.
1390 2218 1558 2252 Flandria
1585 2219 1645 2251 isti

217 2265 353 2308 regioni
378 2276 507 2297 nomeu
534 2270 597 2297 esta
647 2269 770 2298 extant
800 2271 915 2298 autem
947 2266 1165 2308 burgundiae
1192 2265 1317 2297 ducum
1345 2266 1482 2308 egregia
1508 2264 1647 2297 facino-

217 2323 267 2351 ra,
296 2311 390 2343 edita
418 2310 583 2344 adversus
608 2311 761 2344 Galliam
786 2312 998 2355 Galliaeque
1026 2322 1151 2354 regem,
1181 2317 1361 2355 praeterea
1385 2311 1547 2343 adversus
1570 2311 1644 2343 An-

218 2358 304 2400 glos.
354 2363 479 2401 postea
519 2357 590 2389 dux
624 2359 839 2390 continentis
864 2359 1082 2390 Britannicae
1121 2357 1290 2389 finitimus
1320 2362 1384 2396 est,
1409 2356 1574 2400 prodiens
1602 2367 1644 2389 ex

219 2414 260 2436 ea
283 2408 376 2436 terra
401 2415 491 2448 quae
516 2403 672 2447 pertinet
698 2404 742 2437 ad
766 2405 943 2447 regionem
972 2405 1071 2446 regis.
1122 2404 1210 2435 ultra
1234 2404 1297 2435 bos
1326 2403 1564 2435 conterminus
1592 2407 1646 2435 est

219 2449 289 2482 dux
314 2467 330 2483 κ
354 2467 370 2483 ψ
395 2467 412 2483 κ
435 2467 451 2483 ,ε
476 2450 530 2482 bis
556 2451 756 2493 regionibus
782 2450 920 2482 adnexa
945 2456 998 2482 est
1023 2449 1220 2488 sabaudia,
1247 2450 1341 2492 regio
1368 2450 1582 2494 amplissima
1609 2454 1646 2481 et

220 2495 472 2540 pulcherrima,
512 2495 558 2528 nd
577 2498 750 2540 Liguriam
775 2508 887 2541 usque
919 2507 1116 2529 excurrens.
1167 2501 1336 2539 quantum
1369 2501 1485 2527 autem
1510 2500 1645 2540 spectat

220 2542 265 2574 ad
289 2543 495 2575 maritimam
518 2543 656 2575 Galliae
674 2543 864 2587 regionem,
890 2543 927 2574 in
954 2542 1046 2574 hunc
1073 2541 1213 2574 modum
1242 2542 1326 2574 mihi
1354 2541 1397 2574 ad
1422 2546 1643 2585 praesentem

222 2588 403 2620 historiam
428 2589 588 2621 adhibita
613 2589 669 2622 sit.
728 2594 764 2622 at
789 2590 916 2630 ianua,
942 2599 1033 2632 quae
1064 2593 1117 2620 est
1144 2589 1245 2632 quasi
1270 2593 1371 2632 porta
1397 2588 1548 2625 Galliae,
1571 2598 1645 2620 am-

221 2635 388 2678 plectitur
412 2637 591 2678 regionem
623 2646 713 2680 quae
749 2646 868 2668 versus
898 2635 1110 2668 Provinciam
1138 2635 1261 2676 vergit,
1285 2644 1389 2678 (piam
1418 2634 1555 2678 imperii
1581 2633 1645 2664 lua-

219 2680 323 2713 benis
348 2687 521 2725 temperat
546 2682 713 2725 Rogerius
735 2693 805 2721 rex,
833 2687 930 2715 ortus
950 2691 991 2712 ex
1017 2681 1145 2722 inclyta
1163 2681 1299 2712 Galliae
1327 2691 1441 2722 regum
1469 2679 1643 2723 prosapia.

220 2726 321 2760 Nicia
350 2729 554 2773 metropolis
581 2734 632 2762 est
658 2728 870 2762 Provinciae.
921 2728 1001 2760 hinc
1029 2731 1223 2772 sequuntur
1249 2732 1282 2761 et
1304 2727 1394 2760 aliae
1418 2725 1533 2766 urbes,
1554 2726 1646 2759 inter
