1774 3204
263 652 734 709 AAONIKOY
803 616 1599 711 ΧΑΛΚοΚοΝΛΤΛοῨ

641 786 691 831 Α
723 785 766 831 Θ
800 786 855 831 Η
884 787 937 833 Ν
969 788 1019 834 Α
1048 789 1081 833 Ι
1111 787 1154 832 0
1186 787 1227 833 T

366 901 784 949 ΑΠΟΔΕΙΞΙΣ
828 907 1186 950 ΙΣΤΟΡΙΩΝ
1237 908 1492 949 ΟΓΔΟΗ.

240 1061 648 1122 LAONICI
703 1063 1616 1127 CHALCOCONDYLAE

685 1202 1171 1246 ATHENIENSIS

525 1327 565 1372 H
610 1327 629 1372 I
671 1327 703 1374 S
743 1328 780 1374 T
825 1327 865 1374 Ο
914 1329 952 1375 R
997 1329 1016 1374 I
1059 1328 1097 1374 A
1139 1330 1177 1376 R
1222 1330 1258 1376 U
1299 1330 1345 1376 M

378 1451 444 1492 DE
475 1452 678 1493 ORIGINE
708 1453 777 1492 AC
806 1452 964 1495 REBUS
1007 1453 1174 1495 GESTIS
1210 1454 1479 1496 TURCORUM

611 1561 833 1595 LIBER
894 1561 1244 1597 OCTAVUS.

81 1770 205 1850 Ριὲἓῗ
238 1749 338 1805 Τοῦ
367 1767 413 1806 δὲ
442 1765 723 1818 ἐπιγινομένου
754 1769 907 1820 θέρους
935 1770 1163 1821 ΙΠεχμέτης
1203 1766 1223 1807 ὁ
1257 1765 1535 1820 Ἀμουράτεω,
1562 1784 1643 1807 πα-

77 1863 119 1896 V
136 1863 199 1896 157
214 1829 573 1883 ρασκευασοέμενος
607 1827 804 1882 ἄσβεστον
833 1834 875 1872 ὲν
903 1835 953 1886 τῇ
980 1834 1098 1873 ’Am'a
1131 1848 1185 1880 ως
1212 1836 1414 1885 πλεῖστον,
1444 1831 1644 1887 ᾠκοδόμει

213 1895 287 1948 τὴν
318 1898 361 1936 ἐν
391 1898 439 1951 τῇ
469 1896 651 1951 Ευροόπῃ
689 1896 793 1936 κατὰ
823 1895 896 1948 τὴν
919 1899 1192 1950 Προποντίδα
1220 1899 1263 1938 ἐν
1290 1899 1347 1953 τῷ
1373 1892 1642 1952 Βοσπόρῳ,ἧ
1616 1914 1640 1952 ῃ

210 1960 461 2001 στενωτατόν
494 1962 583 2001 ἐστι
613 1962 803 2014 διαβῆναι
834 1959 914 2001 ἀπὸ
945 1962 1099 2013 Ἀσίας,
1129 1964 1325 2016 πολίχνην
1353 1961 1646 2023 Λαιμοκοπιήν

212 2026 480 2077 καλουμένην.
546 2026 618 2064 καί
653 2022 896 2085 σύμπαντας
933 2027 1010 2077 μὲν
1038 2025 1311 2079 συνήθροιζεν
1340 2024 1540 2066 ἐνταῦθα
1534 2025 1678 2074 τούς5

211 2105 255 2130 τε
283 2091 326 2131 ἐν
357 2091 405 2144 τῇ
434 2090 549 2145 Ἀσίᾳ
575 2093 646 2130 καί
673 2091 716 2130 ἐν
748 2092 798 2144 τῇ
826 2091 1021 2146 Εὐρώπῃ,
1052 2094 1123 2131 καί
1149 2090 1451 2141 ἐπιδιελόμενος
1480 2106 1521 2138 ες
1549 2092 1645 2141 μοι’-

215 2171 290 2208 ρας
317 2153 389 2207 τήν
413 2131 609 2207 πολίχνην
649 2154 800 2208 ταύτην
839 2160 922 2202 τοῖς
970 2171 1012 2196 τε
1051 2142 1291 2209 στροιτηγοῖς
1330 2172 1397 2195 και
1439 2152 1644 2207 ὑπάρχοις

213 2219 428 2278 ᾠκοδόμει.
484 2222 606 2261 τοῦτο
648 2220 693 2259 δὲ
722 2221 851 2260 ἐποίει
882 2217 986 2261 ὥστε
1026 2221 1194 2274 α’σφαλῆ
1223 2220 1334 2276 αὐτῷ
1363 2215 1468 2261 εἶναι
1498 2219 1574 2273 τήν
1603 2222 1645 2268 ἐς

215 2393 442 2463 Appetente
467 2419 535 2451 iam
554 2423 686 2451 aestate
706 2419 921 2451 Mechmetes
942 2419 1115 2451 Arum-atis
1143 2419 1247 2460 filius,
1265 2431 1476 2465 praeparans
1500 2420 1538 2452 in
1563 2418 1643 2452 Asia

216 2465 406 2516 plurimum
435 2466 560 2505 calcis,
597 2464 748 2497 condere
783 2465 992 2498 instituebat
1019 2466 1055 2497 in
1082 2466 1244 2509 Europa,
1270 2467 1368 2498 iuxta
1393 2465 1641 2510 Propontidem

215 2510 249 2541 in
279 2511 444 2555 Bosporo,
469 2522 538 2556 qua
566 2512 621 2543 via
645 2510 690 2543 ad
714 2511 1009 2544 transfretandum
1045 2523 1088 2543 ex
1114 2512 1193 2543 Asia
1219 2513 1392 2544 artissima
1421 2517 1492 2551 est,
1520 2511 1642 2544 urbem

216 2557 485 2600 Laemocopiam
522 2562 774 2601 nuncupatam.
832 2558 1010 2589 universos
1043 2558 1104 2601 qui
1142 2558 1179 2589 in
1207 2558 1344 2602 Europa
1371 2563 1406 2590 et
1431 2558 1509 2590 Asia
1532 2563 1643 2596 erant,

215 2601 256 2633 ad
289 2602 323 2634 id
349 2615 437 2647 opus
474 2603 741 2647 percipiendum
784 2603 965 2636 evocabat.
1029 2604 1089 2647 qui
1117 2614 1193 2635 cum
1231 2605 1376 2647 impigre
1403 2603 1637 2642 advenissent,

215 2647 339 2680 aedific
323 2661 399 2681 care
424 2650 593 2693 auspicati
618 2655 725 2690 sunt,
762 2661 838 2681 cum
875 2650 970 2693 prius
1007 2650 1043 2681 in
1068 2650 1222 2693 singulos
1263 2649 1368 2682 duces
1385 2655 1421 2682 et
1447 2649 1642 2692 praefectos

216 2706 303 2738 opus
331 2695 530 2728 universum
573 2695 698 2728 suisset
728 2695 966 2730 distributum.
1017 2706 1117 2728 causa
1153 2707 1243 2739 quae
1269 2706 1383 2739 regem
1411 2695 1455 2728 ad
1480 2705 1555 2727 eam
1582 2706 1640 2727 ur·
