1858 3210
497 163 569 202 DE
613 162 785 203 Rssssus
825 159 1081 203 Tur-emis
1121 161 1168 200 L.
1198 160 1270 201 ix.
1498 150 1593 201 481

134 259 297 315 ἡμέρας
326 261 374 300 δὲ
402 255 508 301 ἑπτὰ
537 262 784 314 πολιορκῶν,
815 259 890 301 καί
917 258 961 300 τὸ
994 256 1111 313 ὕδωρ
1142 260 1217 300 τοῦ
1245 261 1439 311 ποταμοῦ
1470 274 1602 300 κατα-

94 318 98 320 v
133 326 321 380 σχόντων
346 328 429 368 τῶν
455 325 681 382 νεηλύδων,
712 328 764 368 ου’
793 329 931 384 πολλῷ
972 323 1147 380 ὕστερον
1180 323 1218 366 οἱ
1252 327 1296 367 ἐν
1324 327 1378 382 τῇ
1409 325 1528 366 πόλει
1561 325 1604 366 ἐν

118 391 283 450 ἀπόρῳ
311 392 631 447 καθεστηκότες,
663 392 720 442 ὥς
749 394 867 445 δι’ψει
895 394 1135 444 συνείχοντο
1164 392 1384 449 ἀπαύστῳ,
1411 393 1604 446 παρέδω-

46 507 49 510 ⁴
135 464 213 501 ’καν
232 460 348 515 σφᾶς
374 459 430 514 τῷ
456 461 639 510 βασιλεῖ.
697 458 874 506 τούτους
899 459 990 511 μέν,
1023 459 1140 512 αμφὶ
1167 457 1262 506 τοὺς
1294 456 1603 511 ἑξακισχιλίους

0 566 1 575 ,
40 516 54 530 ”
101 519 269 574 fibrae,
297 525 341 582 ἐς
372 522 622 579 α’·νδράποδα
652 522 886 575 διελόμενος
922 529 1008 572 τοῖς
1040 522 1227 578 ἀρίστοις
1253 522 1357 566 κατὰ
1388 522 1436 564 τὸ
1468 539 1604 576 στρα-

135 591 322 646 τόπεδον,
359 589 652 642 ἐπιλεξάμενος
679 590 836 638 παῖδας
864 588 967 632 ὥσεί
997 589 1262 638 ἐννακοσίους
1293 592 1351 638 εἰς
1382 589 1477 638 τούς
1508 588 1606 644 νεὴ-
1618 599 1652 633 P.
1669 598 1737 633 256

135 657 285 708 λυδας,
314 655 415 706 τούς
453 651 610 705 αλλους
649 656 828 698 ἀπέδοτο
870 658 914 697 ἐν
960 656 1013 712 τῇ
1052 657 1196 713 α’γορᾷ.
1257 654 1279 697 ὁ
1307 658 1450 708 μέντοι
1480 657 1524 697 ἐν
1554 657 1607 713 τῇ

135 719 359 779 ἀκροπόλει
386 724 471 765 τῶν
492 723 698 777 Ἑλλήνων
730 720 1046 776 (Παλαιολόγος
1075 717 1126 776 ἦν
1144 717 1350 777 τουνομα)
1382 720 1531 776 λόγους
1559 737 1606 763 τε

39 838 44 842 ‚
135 790 314 833 ἐποιεῖτο
344 789 411 845 ἐφ’
441 782 476 846 ᾦ
513 789 735 870 παραδοίη
757 788 835 841 τὴν
874 789 1117 842 ἀκρόπολιν,
1147 804 1196 829 αν
1223 790 1365 840 μέντοι
1393 804 1608 830 συσκευα-

46 850 316 913 [Ιοσάμενος
347 854 542 908 σταθμὸν
588 855 661 896 ε’να
705 853 843 897 α’πιων
883 856 1270 909 στρατοπεδεύοιτο.
1328 854 1530 909 βασιλευς
1561 857 1608 897 δὲ

135 921 333 978 προσίετό
366 937 411 963 τε
447 920 545 970 τούς
572 919 743 974 λόγους,
784 920 857 962 καί
889 919 1078 976 ὁμήρους
1122 920 1266 974 λαβών
1294 923 1504 977 α’πανέστη
1535 924 1608 964 ὲν-

134 991 302 1042 τεῦθεν,
331 987 484 1030 κατιών
525 989 571 1029 δὲ
597 986 642 1036 ἐς
680 986 727 1029 τὸ
759 988 914 1041 Αἴγιον
946 987 1337 1043 ἐστρατοπεδεύετο,
1368 988 1608 1030 καταλιπών

136 1055 274 1098 αὐτοῦ
299 1056 535 1107 Χαμουζᾶν
562 1052 633 1096 τὸν
661 1053 988 1108 Πελοποννήσου
1021 1069 1066 1095 τε
1100 1056 1173 1096 καί
1202 1055 1434 1103 Θετταλίας
1464 1053 1609 1109 ὕπαρ-

134 1136 233 1175 χον·
280 1122 429 1162 τοῦτον
457 1118 537 1173 γὰρ
561 1119 789 1174 ἐπιστήσας
823 1115 1018 1175 ἀφείλετο
1037 1118 1111 1174 τὴν
1144 1118 1285 1174 ἀρχὴν
1300 1118 1499 1174 Ζαγάνου
1534 1118 1606 1161 διὰ

79 1185 210 1242 Ῑ5τῆν
236 1187 535 1241 Σανταμαριόυ
583 1187 837 1239 α’ποτυχιάν.
908 1180 1024 1235 οὗτος
1053 1188 1198 1239 μέντοι
1234 1184 1290 1236 ὥς
1319 1190 1607 1230 κατελέλειπτο

134 1254 268 1295 αὐτοῦ’
296 1250 362 1308 ἐφ’
395 1247 428 1310 ᾧ
468 1255 732 1306 παραλαβεῖν
772 1252 850 1306 τήν
882 1253 1027 1308 πόλιν,
1071 1254 1253 1306 διέτριβε
1294 1254 1346 1309 τῇ
1391 1253 1646 1311 ὑστεραιᾲ.Β

134 1319 208 1361 καί
231 1317 272 1360 οἱ
299 1322 378 1372 μὲν
400 1317 591 1374 Ἓλληνες
620 1315 859 1373 ἀπόπειραν
887 1317 1130 1372 ποιούμενοι
1159 1317 1349 1369 ἐξέλιπόν
1379 1336 1497 1369 τινας
1523 1324 1607 1363 τῶν

135 1387 180 1428 ἒν
217 1386 269 1442 τῇ
310 1383 562 1440 α’κροπόλει,
605 1383 713 1427 αἵστε
753 1386 922 1427 α’πιέναι
973 1387 1320 1441 ἀποφερομένους
1347 1385 1409 1441 [mk
1449 1384 1606 1429 ἔπιπλα

134 1454 256 1508 σφῶν
288 1453 331 1502 ἐς
374 1451 450 1506 τὴν
495 1451 723 1507 ἅντίπεραν
750 1454 823 1507 τῆς
852 1450 1184 1507 Πελοποννήσου
1227 1448 1414 1506 ἤπειρον,
1447 1452 1490 1494 οἳ
1519 1455 1603 1495 διε-

75 1535 123 1570 20
136 1520 305 1561 νοοῦντο
332 1519 532 1573 διαβῆναι
570 1518 642 1561 ἐπὶ
666 1517 763 1567 τούς
804 1518 1058 1566 Ουένετούς·
1125 1520 1168 1566 ἐς
1197 1520 1317 1560 τοῦτο
1345 1518 1426 1573 γάρ
1458 1521 1607 1576 σφίσιν

133 1583 378 1641 ἐπεποίηντο
409 1583 454 1627 αἱ
487 1587 679 1627 σπονδαί.
749 1585 927 1633 τούτους
964 1586 1108 1636 μέντοι
1137 1581 1322 1636 ἐξιόντας
1350 1586 1396 1627 ἐκ
1426 1587 1499 1640 τῆς
1528 1584 1607 1628 πό..

230 1692 285 1725 11.
313 1692 496 1733 ἐπανέστη
521 1692 546 1725 Ρ

133 1789 208 1825 bat.
258 1789 502 1823 bombardarii
529 1790 671 1822 interim
697 1787 795 1822 haud
821 1797 953 1834 paucos
980 1787 1181 1833 oppidanos
1207 1788 1445 1823 vulnerabant
1469 1788 1602 1833 globu-

134 1837 190 1870 lis.
243 1849 323 1871 cum
354 1843 472 1870 autem
499 1836 622 1869 urbem
649 1836 778 1869 diebus
805 1842 943 1881 septem
970 1835 1160 1869 obsidione
1178 1841 1332 1880 urgeret,
1358 1842 1393 1869 et
1421 1837 1603 1882 peregrini

134 1884 267 1918 milites
296 1895 426 1929 aquam
449 1883 619 1924 fluminis,
650 1883 746 1916 unde
772 1883 907 1916 obsessi
926 1894 1055 1927 aquam
1083 1882 1311 1923 hauriebant,
1343 1883 1600 1923 obtinuissent,

133 1943 208 1966 non
236 1933 349 1965 multo
377 1937 458 1976 post
486 1931 544 1963 siti
574 1932 769 1975 expugnati
795 1930 969 1975 oppidani
997 1941 1036 1963 so
1061 1930 1134 1972 regi
1158 1929 1388 1965 dediderunt.
1437 1930 1502 1963 hos
1531 1931 1601 1974 igi-

134 1985 192 2012 tur
215 1979 260 2012 ad
284 1977 520 2012 miserandam
549 1978 809 2022 mancipiorum
839 1978 1017 2010 fortunam
1042 1977 1217 2016 redactos,
1238 1989 1295 2010 rex
1323 1978 1362 2010 in
1387 1989 1511 2010 omnes
1537 1989 1601 2011 ex-

134 2026 265 2060 ercitus
291 2026 347 2060 sui
375 2036 539 2070 proceres
564 2026 729 2069 partitur.
779 2023 864 2057 inde
887 2035 1034 2069 quoque
1059 2024 1169 2067 elegit
1193 2035 1322 2069 pueros
1339 2025 1481 2057 circiter
1505 2035 1600 2058 non—

132 2079 278 2116 gentos,
315 2084 407 2119 quos
444 2073 481 2104 in
519 2073 784 2117 peregrinorum
819 2071 983 2104 ordinem
1008 2072 1203 2104 transtulit.
1263 2072 1444 2117 reliquum
1469 2072 1597 2116 vulgus

132 2121 265 2154 veniit
282 2120 320 2155 in
355 2119 503 2166 publico
540 2119 630 2152 foro.
690 2119 720 2152 is
749 2124 868 2152 autem
902 2119 964 2164 qui
993 2129 1063 2151 arci
1081 2124 1258 2164 praeerat
1283 2124 1358 2151 erat
1382 2118 1454 2151 dux
1479 2119 1597 2152 Grae-

132 2178 267 2208 corum,
302 2167 448 2201 nomine
478 2166 726 2209 Palaeologus.
785 2165 969 2199 indicabat
1004 2166 1076 2209 regi
1105 2177 1143 2198 se
1169 2177 1283 2198 arcein
1311 2165 1538 2206 traditurum,
1564 2167 1595 2199 si

131 2215 210 2260 ipse
239 2215 322 2249 hinc
353 2214 536 2259 profectus
565 2213 704 2245 miliare
729 2225 838 2246 unum
878 2218 991 2246 castra
1018 2213 1205 2257 posuisset.
1258 2223 1316 2244 rex
1345 2212 1596 2246 condicionem

130 2261 225 2296 hanc
245 2261 342 2295 haud
369 2261 518 2300 abnuit,
542 2261 772 2305 acceptisque
806 2262 843 2292 in
871 2262 918 2292 rei
945 2259 1050 2293 fidem
1088 2259 1276 2292 obsidibus
1304 2259 1386 2293 inde
1414 2260 1593 2303 digressus

131 2314 200 2349 est,
229 2314 266 2345 et
288 2309 434 2342 veniens
459 2309 606 2352 Aegium
634 2314 748 2340 castra
775 2308 931 2347 locavit,
957 2308 1082 2340 relicto
1107 2307 1184 2339 illic
1210 2307 1386 2339 Chanmze
1413 2307 1594 2351 Pelopon-

128 2356 207 2391 nesi
235 2362 272 2391 et
297 2355 506 2389 Thessaliae
544 2355 740 2400 praefecto.
790 2354 886 2387 hunc
910 2355 1160 2399 Peloponneso
1197 2360 1232 2386 et
1249 2354 1460 2387 'lhessaliae
1487 2365 1593 2398 prae—

127 2402 265 2437 fecerat
292 2414 364 2443 rex,
394 2413 472 2439 cum
499 2413 542 2435 ex
583 2413 624 2434 ea
651 2401 828 2446 dignitate
853 2402 1051 2446 expulisset
1076 2403 1250 2444 Zaganum
1292 2407 1440 2446 propter
1462 2401 1592 2435 Santa-

127 2451 259 2484 mariae
283 2450 538 2484 calamitatem.
568 2450 631 2482 ille
657 2455 777 2482 autem
796 2450 912 2482 iussus
929 2459 1073 2482 manere
1101 2453 1139 2481 ut
1165 2459 1278 2480 arcem
1303 2451 1338 2480 iu
1363 2447 1588 2481 deditionem

126 2503 286 2543 caperet,
308 2502 453 2542 postero
478 2495 538 2529 die
570 2503 727 2530 moratus
758 2502 835 2536 est,
861 2496 954 2529 nihil
989 2497 1134 2528 faciens.
1186 2495 1313 2528 Graeci
1340 2501 1459 2528 autem
1489 2496 1587 2540 peri—

128 2545 252 2579 culum
281 2543 412 2577 facturi
441 2555 526 2576 num
549 2544 633 2577 satis
653 2544 771 2577 omnia
798 2550 875 2577 tuta
893 2543 980 2584 sint,
1013 2541 1186 2588 quosdam
1204 2553 1324 2574 eorum
1354 2543 1416 2587 qui
1446 2543 1485 2574 in
1506 2554 1585 2576 arce

23 2615 27 2633 2
127 2591 272 2624 fuerant
295 2590 521 2632 dimiserunt,
546 2596 586 2624 ut
612 2591 756 2624 abirent
780 2596 963 2636 portantes
989 2600 1086 2622 suam
1113 2589 1375 2633 supellectilem
1402 2589 1440 2622 in
1466 2591 1585 2623 conti-

18 2629 32 2660 ξ’
126 2644 286 2679 nentem,
325 2649 418 2682 quae
457 2650 501 2671 ex
533 2637 682 2671 adverso
721 2638 960 2683 Peloponnesi
1003 2642 1089 2669 erat.
1146 2647 1228 2668 nam
1261 2636 1346 2668 inde
1379 2636 1586 2680 cogitabant

125 2686 277 2721 transire
303 2685 348 2717 ad
373 2685 542 2718 Venetos.
600 2685 667 2718 hac
701 2686 796 2718 enim
821 2684 1034 2718 condicione
1077 2682 1205 2716 foedus
1241 2683 1353 2716 ictum
1379 2689 1467 2716 erat.
1516 2683 1582 2717 hos

123 2733 236 2777 igitur
259 2743 417 2776 egressos
445 2732 533 2765 urbe
555 2737 591 2766 et
618 2731 663 2764 ad
690 2732 827 2765 abitum
851 2733 1043 2765 instructos
1073 2729 1351 2776 comprehendit
1375 2730 1580 2772 Chamuzes,

207 2805 539 2851 Chalcocondylas.
1283 2804 1327 2838 31
