1774 3204
238 180 334 240 546
566 185 782 226 LAONlcl
822 185 1324 248 CHALCOCONDYLAE

235 288 277 333 ἐς
306 285 428 336 ὑμᾶς.
482 281 618 323 πάντα
657 283 701 323 δὲ
728 284 778 323 τὰ
819 281 1039 335 πράγματα
1071 279 1139 325 οἷα
1167 287 1474 338 προτρέπεσθαι
1501 286 1573 326 καί
1598 283 1655 338 μὴ

233 349 602 402 προθυμουμένους
645 348 715 387 έπί
739 346 811 388 τὸν
843 346 1021 398 πόλεμον
1059 349 1211 389 τοῦτον.
1285 348 1375 390 ἐπεὶ
1413 350 1458 390 δὲ
1485 349 1660 389 καὶτῶν
1758 358 1766 382 ⁶

230 411 456 467 πρωτεύειν
486 408 711 459 ἀξιούντων
739 415 834 462 παρ’
861 410 957 465 ἡμῖν
979 411 1051 451 οὐκ
1079 408 1206 464 ὀλίγοι
1225 412 1439 466 παριόντες
1467 410 1657 454 κελεύου·
1758 459 1760 462 y

228 493 294 518 σιν
323 475 434 527 ὑμᾶς
463 474 520 529 μή
553 471 680 522 οὕτως
706 476 902 527 ἐπαχθῶς
932 478 1028 528 περὶ
1043 474 1234 529 μεγάλων
1252 478 1526 528 βουλεύεσθαι
1551 493 1658 531 πρα-
1759 469 1774 511 i<

227 539 402 594 γμάτων,
431 541 519 581 ἀλλ’
560 540 785 592 ἀνέχεσθαι
812 543 981 592 μᾶλλον,
1009 544 1230 593 πρεσβείαν
1257 545 1489 594 πέμποντας
1519 544 1562 590 ἐς
1587 540 1715 583 τὸν5’

184 605 441 658 Ββάρβαρον
470 603 565 657 περὶ
591 605 672 644 τῶν
699 606 884 656 σπονδῶν
917 605 971 652 ὥς
999 606 1048 645 οὐ
1076 607 1217 647 δίκαια
1246 607 1416 659 πράττοι
1445 610 1656 661 παραβαί-

224 685 304 710 νων
334 668 429 717 τοὺς
466 665 613 722 ὅρκους
653 669 725 708 καί
749 666 823 716 τοὶς
851 670 1052 720 σπονδάς,
1099 672 1170 710 καί
1196 674 1406 712 νουθετεῖν
1432 669 1564 713 αότόν
1604 670 1655 712 τὰ

224 733 398 784 δέοντα,
439 730 487 786 ἢν
524 733 595 787 δέῃ
635 729 888 782 πεισόμενον.
957 733 1029 774 ἐὰν
1067 735 1113 774 δὲ
1161 735 1423 786 α’ναιρεῖσθαι
1467 734 1654 789 πόλεμον,

223 795 446 850 ἀναγκαῖον
483 797 600 849 λόγον
643 795 739 848 περὶ
778 799 854 836 τοῦ
881 796 1078 850 παρόντος
1114 801 1294 850 πολέμου
1326 798 1655 854 ἐπιμνησὰμενον

221 860 373 912 ἱκανόν,
401 858 531 909 οὕτως
560 861 666 901 ἰέναι
693 859 763 901 έπί
790 858 865 914 τὴν
886 863 1040 915 ψῆφον.
1098 864 1166 904 δεῖ
1189 866 1234 904 δὲ
1262 865 1413 905 ἕκαστα
1442 865 1652 917 λογιζομέ-
1667 869 1709 902 10

219 943 302 974 νοις
331 925 383 967 τὰ
410 922 576 979 χαλεποὶ
619 927 898 978 παρατιθέναι
927 925 1119 979 α’λλήλοις
1152 927 1273 978 αὐτοί,
1301 930 1373 969 καί
1398 927 1449 970 τοὶ
1476 928 1655 982 μετριώ-

219 1007 319 1044 τερα
367 991 626 1045 φαινομένων
675 990 833 1030 τούτων
861 987 1075 1041 αἱρεῖσθαι
1113 993 1435 1045 ἐπιλεγομένους.
1492 995 1652 1047 πρῶτον

221 1058 266 1097 δὲ
293 1057 518 1107 α’ναγκαῖον
556 1055 812 1108 προθέμενον
851 1056 1018 1108 ψῆφον,
1048 1056 1212 1110 γνώμην
1237 1055 1390 1110 ταύτην
1418 1056 1474 1105 ὥς
1501 1059 1652 1099 ἕκαστα

219 1119 472 1172 ἀποβαίνειν.
543 1120 652 1172 φασί
691 1117 769 1170 γιὶρ
817 1113 934 1158 οὗτοι
975 1115 1037 1159 ὅτι
1064 1121 1104 1160 εἰ
1127 1119 1443 1173 πολεμήσομεν,
1477 1119 1520 1162 αἱ
1551 1109 1651 1162 narei

217 1182 292 1236 τὴν
323 1178 490 1236 ἤπειρον
517 1181 656 1229 πόλεις
687 1181 831 1235 ἡμῶν,
859 1181 952 1239 ἔστε
982 1181 1052 1223 τὸν
1074 1183 1224 1225 Ἰόνιον
1251 1185 1322 1226 καί
1347 1187 1389 1233 ές
1415 1184 1488 1239 τὴν
1516 1189 1711 1227 nelo-15

89 1263 113 1295 p
136 1247 409 1303 292πὸννησον
437 1250 508 1288 καί
532 1246 604 1300 τὴν
619 1242 748 1300 ἄλλην
777 1243 942 1300 ἤπειρον
964 1248 1102 1297 πόλεις
1122 1250 1200 1302 οὐχ
1221 1251 1381 1300 ἕξουσιν
1401 1246 1508 1299 ὅπως
1536 1253 1655 1305 διαρ-

216 1315 389 1353 κέσωσιν
430 1313 504 1367 ε’πίΔ
525 1309 677 1364 χρόνον
704 1309 794 1352 τινά
814 1345 825 1364 ‚
856 1313 944 1352 ἀλλ’
967 1314 1173 1366 ἐπιλείψει
1200 1329 1242 1380 τὲ
1271 1314 1403 1362 αὕτοὶς
1431 1314 1480 1357 τοὶ
1509 1314 1656 1369 ἐπιτή-

218 1379 309 1417 δεια
335 1377 407 1416 ’καί
434 1377 698 1426 ἀπολοῦνται,
731 1370 781 1428 ἦν
807 1391 847 1416 τι
879 1373 972 1431 ἐπίῃ
1001 1378 1043 1423 ἐς
1073 1376 1206 1424 αὐτάς
1235 1379 1430 1431 χαλεπόν.
1486 1379 1558 1422 καί
1582 1380 1655 1433 τῆς

216 1454 259 1480 τε
288 1438 488 1491 ἐμπορίας
519 1441 589 1492 τῆς
611 1440 743 1479 αὐτοῦ
765 1436 908 1492 χώρας
935 1443 1206 1495 στερουμένης
1234 1442 1344 1495 ἡμᾶς
1362 1444 1470 1498 φασί
1491 1443 1653 1496 μεγάλα

220 1499 271 1544 ἂν
301 1502 560 1557 βλάπτεσθαι
599 1506 674 1544 τοῦ
718 1506 878 1544 λοιποῦ.
945 1505 1173 1556 α’νέχεσθαι
1215 1507 1284 1547 δεῖ
1306 1503 1381 1548 οὖν
1409 1509 1479 1549 διὰ
1510 1510 1710 1560 ταῦτα,20

220 1567 292 1621 καί
319 1570 539 1622 πρεσβείαν
567 1568 741 1619 πέμπειν
770 1569 1133 1622 διισχυριζομένην
1160 1569 1217 1618 ὥς
1247 1571 1356 1618 εἰκὸς
1386 1571 1434 1613 τὰ
1459 1574 1650 1614 τοιαῦτα.

311 1668 345 1702 3.
372 1666 506 1715 ὀλίγων
531 1670 556 1702 Ρ
676 1668 731 1702 16.
757 1665 838 1714 τὴν]
864 1670 907 1703 αἱ
929 1667 1022 1703 κατὰ
1047 1665 1137 1714 tq'v?

224 1767 367 1814 quando
395 1769 582 1801 instituant
610 1779 723 1801 rerum
746 1770 1033 1810 necessariarum,
1058 1781 1147 1815 quae
1173 1771 1217 1803 ad
1245 1783 1313 1804 rem
1338 1773 1517 1818 publicam
1540 1775 1653 1820 perti-

224 1821 322 1855 nent,
346 1815 654 1847 consultationem.
689 1820 906 1858 quapropter
930 1817 1050 1860 paucis
1070 1827 1130 1849 vos
1159 1818 1424 1862 compellandos
1445 1821 1654 1863 existimavi,

227 1873 303 1893 cum
327 1859 465 1894 videam
493 1861 598 1893 etiam
625 1861 742 1893 invitis
772 1865 808 1892 et
841 1871 933 1893 arma
970 1861 1248 1895 detrectantibus
1285 1864 1373 1897 belli
1406 1867 1654 1900 necessitatem

227 1907 372 1951 imponi.
420 1917 500 1938 nam
525 1907 693 1939 videmini
718 1905 803 1938 mihi
836 1918 907 1938 rem
936 1907 1114 1951 publicam
1157 1909 1358 1951 planissime
1383 1911 1544 1955 prodere,
1571 1913 1653 1946 dum

229 1952 441 1986 cunctamini
465 1963 558 1984 arma
582 1953 621 1985 in
653 1953 928 1996 praesentiarum
956 1953 1121 1987 adversus
1155 1954 1340 1989 barbarum
1368 1968 1514 2002 capere,
1540 1959 1654 2004 siqui-

229 1999 309 2031 dem
338 1998 375 2031 hi
398 1998 459 2042 qui
483 1998 578 2042 apud
605 2009 665 2030 vos
689 2009 761 2031 non
786 1999 890 2042 pauci
914 1999 1042 2042 primas
1067 2005 1203 2040 tenent,
1226 2008 1371 2035 monent
1395 2014 1440 2036 ne
1464 2009 1595 2037 temere
1619 2010 1655 2038 et

231 2045 355 2077 odiose
382 2044 426 2076 de
452 2044 553 2076 rebus
581 2044 670 2076 adeo
697 2044 813 2076 arduis
845 2045 1063 2085 consulatus,
1094 2057 1212 2078 verum
1240 2049 1656 2092 censent‚legatos„·mit.-

231 2090 358 2123 tendos
382 2090 427 2122 ad
452 2089 638 2122 barbarum
664 2101 768 2133 snper
785 2090 929 2124 foedere
953 2093 1230 2135 expostulantes,
1258 2099 1297 2126 ut
1320 2095 1381 2138 qui
1407 2095 1535 2129 iniuste
1564 2101 1656 2140 agat,

232 2136 415 2169 foederum
442 2141 478 2168 et
519 2135 744 2167 iurisiurandi
770 2135 974 2179 religionem
1006 2137 1227 2182 abrumpens.
1274 2140 1489 2173 monendum
1513 2153 1656 2186 quoque

235 2194 310 2215 esse
335 2187 374 2214 ut
397 2192 519 2226 pacem
536 2206 544 2220 ‚
569 2181 863 2225 quemadmodum
889 2185 1118 2222 convenerit,
1146 2184 1319 2223 observet,
1346 2187 1372 2218 si
1398 2186 1510 2219 verbis
1536 2189 1656 2232 potius

234 2239 338 2272 quam
363 2230 465 2260 armis
490 2238 509 2259 a
534 2229 668 2271 coeptis
693 2238 773 2259 eum
791 2227 968 2260 deterrere
996 2230 1180 2272 possimus.
1228 2231 1355 2274 quodsi
1373 2230 1426 2264 his
1445 2231 1535 2264 nihil
1562 2233 1658 2278 apud

234 2274 422 2306 barbarum
449 2275 610 2306 effectum
636 2273 754 2312 fuerit,
782 2279 855 2305 tum
881 2273 1020 2306 demum
1045 2275 1240 2308 necessaria
1268 2277 1334 2309 erit
1357 2278 1468 2314 oratio
1495 2288 1585 2322 quae
1611 2279 1658 2312 ad

234 2320 369 2352 bellum
394 2319 542 2351 barbaro
571 2319 792 2351 inferendum
810 2329 874 2351 nos
899 2319 935 2351 in
959 2321 1120 2363 suffragia
1144 2322 1272 2354 mittat.
1322 2328 1465 2366 oportet
1487 2334 1572 2357 sane
1596 2336 1656 2358 eos

237 2367 298 2410 qui
326 2366 480 2409 pericula
505 2371 692 2408 reputant,
721 2375 763 2396 ea
790 2365 883 2397 inter
914 2376 950 2397 se
976 2377 1187 2409 comparare,
1211 2373 1246 2400 et
1271 2379 1360 2412 quae
1387 2369 1521 2403 minora
1545 2381 1659 2415 appa-

238 2413 374 2444 ruerint
391 2435 401 2450 ,
427 2411 567 2454 eligere.
593 2421 673 2443 eum
704 2411 765 2455 qui
789 2411 991 2453 suffragium
1014 2412 1101 2451 fert,
1126 2413 1215 2444 circa
1240 2414 1375 2456 singula
1397 2414 1488 2448 hauc
1512 2422 1660 2449 senten-

238 2458 320 2490 tiam
345 2463 468 2490 tenere
494 2458 668 2490 convenit.
716 2468 794 2488 nam
821 2456 1008 2488 adversarii
1033 2459 1142 2490 nostri
1161 2459 1272 2499 aiunt,
1296 2460 1325 2492 si
1351 2460 1484 2493 bellum
1508 2463 1659 2495 moveri-

238 2515 325 2543 mus,
348 2503 451 2535 urbes
475 2508 616 2535 nostrae
641 2503 678 2535 in
704 2503 920 2542 continente,
945 2513 1035 2547 quae
1053 2510 1189 2547 spectat
1212 2506 1349 2537 Ionium
1376 2511 1413 2538 et
1437 2506 1660 2551 Peloponne-

240 2561 313 2581 sum
335 2572 344 2588 ,
369 2560 507 2582 necnon
542 2549 699 2592 reliquae
731 2549 946 2581 continentis
980 2549 1083 2581 urbes
1099 2574 1108 2588 ‚
1146 2550 1239 2582 haud
1263 2550 1447 2585 habebunt
1472 2553 1599 2596 quibus
1623 2564 1660 2586 se

241 2601 440 2628 sustentent
471 2594 515 2626 nd
552 2594 660 2626 breve
683 2594 868 2626 admodum
897 2600 1060 2638 lempuS,
1085 2606 1202 2629 verum
1244 2598 1435 2630 necessaria
1461 2609 1521 2632 eos
1548 2599 1660 2632 desti-

241 2646 355 2679 tuent,
383 2646 419 2673 et
442 2640 620 2685 peribunt,
648 2641 676 2672 si
703 2641 896 2683 periculum
925 2640 1072 2685 aliquod
1096 2642 1276 2684 ingruerit.
1298 2648 1479 2687 praeterea
1503 2646 1531 2676 si
1558 2655 1662 2689 prae-

242 2685 337 2722 dicta
360 2687 456 2730 regio
493 2686 664 2719 mercibus
702 2686 808 2720 fuerit
832 2685 1000 2719 exhausta
1036 2691 1071 2720 et
1099 2687 1317 2732 despoliata,
1358 2690 1463 2722 etiam
1497 2689 1662 2735 deinceps
