<?xml version="1.0" encoding="UTF-8"?>
<!DOCTYPE html PUBLIC "-//W3C//DTD XHTML 1.0 Transitional//EN"
    "http://www.w3.org/TR/xhtml1/DTD/xhtml1-transitional.dtd">
<html xmlns="http://www.w3.org/1999/xhtml" xml:lang="en" lang="en">
 <head>
  <title>
</title>
<meta http-equiv="Content-Type" content="text/html;charset=utf-8" />
  <meta name='ocr-system' content='tesseract 3.04.00' />
  <meta name='ocr-capabilities' content='ocr_page ocr_carea ocr_par ocr_line ocrx_word'/>
</head>
<body>
  <div class='ocr_page' id='page_1' title='image "./corpusscriptorum32niebuoft_0514.png"; bbox 0 0 1774 3204; ppageno 0'>
   <div class='ocr_carea' id='block_1_1' title="bbox 184 181 197 196">
    <p class='ocr_par' dir='ltr' id='par_1_1' title="bbox 184 181 197 196">
     <span class='ocr_line' id='line_1_1' title="bbox 184 181 197 196; baseline 0 0"><span class='ocrx_word' id='word_1_1' title='bbox 184 181 197 196; x_wconf 59' lang='lat' dir='ltr'>Q</span> 
     </span>
    </p>
   </div>
   <div class='ocr_carea' id='block_1_2' title="bbox 272 194 1358 240">
    <p class='ocr_par' dir='ltr' id='par_1_2' title="bbox 272 194 1358 240">
     <span class='ocr_line' id='line_1_2' title="bbox 272 194 1358 240; baseline 0.002 -2"><span class='ocrx_word' id='word_1_2' title='bbox 272 194 368 238; x_wconf 75' lang='lat'><strong>502</strong></span> <span class='ocrx_word' id='word_1_3' title='bbox 584 197 800 238; x_wconf 82' lang='lat' dir='ltr'><strong>LAONICi</strong></span> <span class='ocrx_word' id='word_1_4' title='bbox 853 197 1358 240; x_wconf 80' lang='lat' dir='ltr'>CIIALCOCONDYLAE</span> 
     </span>
    </p>
   </div>
   <div class='ocr_carea' id='block_1_3' title="bbox 132 294 1759 1515">
    <p class='ocr_par' dir='ltr' id='par_1_3' title="bbox 132 294 1759 1515">
     <span class='ocr_line' id='line_1_3' title="bbox 268 294 1699 350; baseline 0.003 -16"><span class='ocrx_word' id='word_1_5' title='bbox 268 297 395 350; x_wconf 81' lang='grc' dir='ltr'><strong><em>μέλλῃ</em></strong></span> <span class='ocrx_word' id='word_1_6' title='bbox 425 296 679 348; x_wconf 78' lang='grc' dir='ltr'><strong><em>α’ποχωρεῖν,</em></strong></span> <span class='ocrx_word' id='word_1_7' title='bbox 722 294 793 336; x_wconf 83' lang='grc' dir='ltr'><strong>τὸν</strong></span> <span class='ocrx_word' id='word_1_8' title='bbox 823 297 1165 349; x_wconf 78' lang='grc' dir='ltr'><strong><em>γραμματιστήν,</em></strong></span> <span class='ocrx_word' id='word_1_9' title='bbox 1194 299 1325 338; x_wconf 78' lang='grc' dir='ltr'><strong><em>ταῦτα</em></strong></span> <span class='ocrx_word' id='word_1_10' title='bbox 1356 299 1566 346; x_wconf 78' lang='grc' dir='ltr'><strong><em>ποιοῦντος</em></strong></span> <span class='ocrx_word' id='word_1_11' title='bbox 1596 298 1699 339; x_wconf 73' lang='grc' dir='ltr'><strong><em>ἐκεί·</em></strong></span> 
     </span>
     <span class='ocr_line' id='line_1_4' title="bbox 269 357 1700 417; baseline 0.003 -19"><span class='ocrx_word' id='word_1_12' title='bbox 269 375 357 409; x_wconf 74' lang='grc' dir='ltr'><strong><em>νου,</em></strong></span> <span class='ocrx_word' id='word_1_13' title='bbox 389 361 458 403; x_wconf 75' lang='grc' dir='ltr'><em>καί</em></span> <span class='ocrx_word' id='word_1_14' title='bbox 486 357 562 412; x_wconf 71' lang='grc' dir='ltr'><strong>τήν</strong></span> <span class='ocrx_word' id='word_1_15' title='bbox 590 357 702 412; x_wconf 75' lang='grc' dir='ltr'><strong><em>ὥραν</em></strong></span> <span class='ocrx_word' id='word_1_16' title='bbox 737 359 1084 415; x_wconf 77' lang='grc' dir='ltr'><strong><em>ὖποσημαίνοντος</em></strong></span> <span class='ocrx_word' id='word_1_17' title='bbox 1121 363 1165 403; x_wconf 78' lang='grc' dir='ltr'><strong>ἑν</strong></span> <span class='ocrx_word' id='word_1_18' title='bbox 1190 357 1218 417; x_wconf 79' lang='grc' dir='ltr'><strong><em>ᾗ</em></strong></span> <span class='ocrx_word' id='word_1_19' title='bbox 1245 362 1543 417; x_wconf 75' lang='grc' dir='ltr'><strong><em>ἀποχωροῦντα</em></strong></span> <span class='ocrx_word' id='word_1_20' title='bbox 1570 360 1700 404; x_wconf 58' lang='lat' dir='ltr'><strong>adrem</strong></span> 
     </span>
     <span class='ocr_line' id='line_1_5' title="bbox 269 423 1698 480; baseline 0.001 -17"><span class='ocrx_word' id='word_1_21' title='bbox 269 423 353 463; x_wconf 81' lang='grc' dir='ltr'><strong><em>ἔδει</em></strong></span> <span class='ocrx_word' id='word_1_22' title='bbox 382 425 713 476; x_wconf 75' lang='grc' dir='ltr'><strong><em>συμπροπέμψαι</em></strong></span> <span class='ocrx_word' id='word_1_23' title='bbox 751 425 823 465; x_wconf 87' lang='grc' dir='ltr'><strong>τὸν</strong></span> <span class='ocrx_word' id='word_1_24' title='bbox 851 425 1043 479; x_wconf 83' lang='grc' dir='ltr'><strong><em>Βλάδον,</em></strong></span> <span class='ocrx_word' id='word_1_25' title='bbox 1072 426 1348 480; x_wconf 84' lang='grc' dir='ltr'><strong><em>προελόχησεν</em></strong></span> <span class='ocrx_word' id='word_1_26' title='bbox 1387 426 1521 467; x_wconf 72' lang='grc' dir='ltr'><strong><em>αὐτοῦ</em></strong></span> <span class='ocrx_word' id='word_1_27' title='bbox 1546 424 1698 478; x_wconf 80' lang='grc' dir='ltr'><strong><em>ταύτην</em></strong></span> 
     </span>
     <span class='ocr_line' id='line_1_6' title="bbox 268 487 1698 544; baseline 0.001 -15"><span class='ocrx_word' id='word_1_28' title='bbox 268 488 344 540; x_wconf 71' lang='grc' dir='ltr'><strong>τὴν</strong></span> <span class='ocrx_word' id='word_1_29' title='bbox 383 488 530 540; x_wconf 78' lang='grc' dir='ltr'><strong><em>χώραν</em></strong></span> <span class='ocrx_word' id='word_1_30' title='bbox 571 487 593 528; x_wconf 80' lang='grc' dir='ltr'>ὅ</span> <span class='ocrx_word' id='word_1_31' title='bbox 635 491 879 540; x_wconf 80' lang='grc' dir='ltr'><strong><em>Χαμουζᾶς.</em></strong></span> <span class='ocrx_word' id='word_1_32' title='bbox 947 489 1112 538; x_wconf 86' lang='grc' dir='ltr'><strong><em>Βλάδος</em></strong></span> <span class='ocrx_word' id='word_1_33' title='bbox 1140 492 1196 532; x_wconf 84' lang='grc' dir='ltr'><strong>’δὲ</strong></span> <span class='ocrx_word' id='word_1_34' title='bbox 1226 491 1305 531; x_wconf 82' lang='grc' dir='ltr'><strong><em>σύν</em></strong></span> <span class='ocrx_word' id='word_1_35' title='bbox 1332 497 1416 539; x_wconf 85' lang='grc' dir='ltr'><strong><em>τοῖς</em></strong></span> <span class='ocrx_word' id='word_1_36' title='bbox 1445 491 1541 544; x_wconf 73' lang='grc' dir='ltr'><strong><em>περὶ</em></strong></span> <span class='ocrx_word' id='word_1_37' title='bbox 1569 488 1698 531; x_wconf 70' lang='grc' dir='ltr'><strong><em>αὐτὸν</em></strong></span> 
     </span>
     <span class='ocr_line' id='line_1_7' title="bbox 268 550 1731 610; baseline 0.003 -19"><span class='ocrx_word' id='word_1_38' title='bbox 268 550 534 604; x_wconf 70' lang='grc' dir='ltr'><strong><em>ὡπλισμένος,</em></strong></span> <span class='ocrx_word' id='word_1_39' title='bbox 562 551 619 602; x_wconf 76' lang='grc' dir='ltr'><strong><em>ὥς</em></strong></span> <span class='ocrx_word' id='word_1_40' title='bbox 646 553 974 608; x_wconf 74' lang='grc' dir='ltr'><strong><em>συμπρούπεμπε</em></strong></span> <span class='ocrx_word' id='word_1_41' title='bbox 992 554 1062 596; x_wconf 83' lang='grc' dir='ltr'><strong>τὸν</strong></span> <span class='ocrx_word' id='word_1_42' title='bbox 1089 557 1232 605; x_wconf 76' lang='grc' dir='ltr'><strong><em>θυρῶν</em></strong></span> <span class='ocrx_word' id='word_1_43' title='bbox 1259 558 1331 610; x_wconf 77' lang='grc' dir='ltr'><strong><em>τῆς</em></strong></span> <span class='ocrx_word' id='word_1_44' title='bbox 1362 557 1490 610; x_wconf 74' lang='grc' dir='ltr'><strong><em>αὐτῆς</em></strong></span> <span class='ocrx_word' id='word_1_45' title='bbox 1519 553 1731 610; x_wconf 69' lang='grc' dir='ltr'><strong><em>ἧγεμόναᾶ</em></strong></span> 
     </span>
     <span class='ocr_line' id='line_1_8' title="bbox 267 615 1698 674; baseline 0.002 -17"><span class='ocrx_word' id='word_1_46' title='bbox 267 617 339 658; x_wconf 80' lang='grc' dir='ltr'><em>καί</em></span> <span class='ocrx_word' id='word_1_47' title='bbox 365 615 437 658; x_wconf 82' lang='grc' dir='ltr'><strong>τόν</strong></span> <span class='ocrx_word' id='word_1_48' title='bbox 464 617 806 672; x_wconf 75' lang='grc' dir='ltr'><strong><em>γραμματιστήν,</em></strong></span> <span class='ocrx_word' id='word_1_49' title='bbox 853 621 1020 660; x_wconf 76' lang='grc' dir='ltr'><strong><em>ἐνέπεσέ</em></strong></span> <span class='ocrx_word' id='word_1_50' title='bbox 1050 635 1095 660; x_wconf 86' lang='grc' dir='ltr'><strong>τε</strong></span> <span class='ocrx_word' id='word_1_51' title='bbox 1139 621 1183 667; x_wconf 80' lang='grc' dir='ltr'><strong><em>ἐς</em></strong></span> <span class='ocrx_word' id='word_1_52' title='bbox 1210 619 1283 668; x_wconf 77' lang='grc' dir='ltr'><strong><em>τάς</em></strong></span> <span class='ocrx_word' id='word_1_53' title='bbox 1322 623 1515 674; x_wconf 80' lang='grc' dir='ltr'><strong><em>ἐνέδρας,</em></strong></span> <span class='ocrx_word' id='word_1_54' title='bbox 1544 620 1616 660; x_wconf 80' lang='grc' dir='ltr'>καί</span> <span class='ocrx_word' id='word_1_55' title='bbox 1641 617 1698 667; x_wconf 77' lang='grc' dir='ltr'><strong><em>ὥς</em></strong></span> 
     </span>
     <span class='ocr_line' id='line_1_9' title="bbox 266 679 1701 736; baseline 0.001 -14"><span class='ocrx_word' id='word_1_56' title='bbox 266 679 382 735; x_wconf 77' lang='grc' dir='ltr'><strong><em>ἔγνω,</em></strong></span> <span class='ocrx_word' id='word_1_57' title='bbox 414 680 583 730; x_wconf 83' lang='grc' dir='ltr'><strong><em>τούτους</em></strong></span> <span class='ocrx_word' id='word_1_58' title='bbox 610 684 687 734; x_wconf 82' lang='grc' dir='ltr'><strong>μὲν</strong></span> <span class='ocrx_word' id='word_1_59' title='bbox 735 684 887 724; x_wconf 70' lang='grc' dir='ltr'><strong><em>αὐτίκα</em></strong></span> <span class='ocrx_word' id='word_1_60' title='bbox 926 684 1293 736; x_wconf 74' lang='grc' dir='ltr'><strong><em>διακελευσάμενος</em></strong></span> <span class='ocrx_word' id='word_1_61' title='bbox 1320 683 1600 736; x_wconf 82' lang='grc' dir='ltr'><strong><em>συλλαμβάνει</em></strong></span> <span class='ocrx_word' id='word_1_62' title='bbox 1628 682 1701 724; x_wconf 72' lang='grc' dir='ltr'><strong><em>καὶ</em></strong></span> 
     </span>
     <span class='ocr_line' id='line_1_10' title="bbox 266 745 1698 804; baseline 0.001 -18"><span class='ocrx_word' id='word_1_63' title='bbox 266 745 366 796; x_wconf 86' lang='grc' dir='ltr'><strong><em>τούς</em></strong></span> <span class='ocrx_word' id='word_1_64' title='bbox 393 745 676 801; x_wconf 79' lang='grc' dir='ltr'><strong><em>θεράποντας,</em></strong></span> <span class='ocrx_word' id='word_1_65' title='bbox 716 745 770 794; x_wconf 75' lang='grc' dir='ltr'><strong><em>ὡς</em></strong></span> <span class='ocrx_word' id='word_1_66' title='bbox 807 749 852 788; x_wconf 79' lang='grc' dir='ltr'><strong>δὲ</strong></span> <span class='ocrx_word' id='word_1_67' title='bbox 889 748 1005 804; x_wconf 82' lang='grc' dir='ltr'><strong><em>ἐπῄει</em></strong></span> <span class='ocrx_word' id='word_1_68' title='bbox 1040 746 1342 802; x_wconf 77' lang='grc' dir='ltr'><strong><em>ὃΧαμουζᾶς,</em></strong></span> <span class='ocrx_word' id='word_1_69' title='bbox 1388 748 1617 801; x_wconf 80' lang='grc' dir='ltr'><strong><em>ἐμαχέσατό</em></strong></span> <span class='ocrx_word' id='word_1_70' title='bbox 1654 762 1698 788; x_wconf 76' lang='grc' dir='ltr'><strong>τε</strong></span> 
     </span>
     <span class='ocr_line' id='line_1_11' title="bbox 267 809 1701 869; baseline 0.001 -16"><span class='ocrx_word' id='word_1_71' title='bbox 267 812 392 862; x_wconf 83' lang='grc' dir='ltr'><strong><em>οἷξίως</em></strong></span> <span class='ocrx_word' id='word_1_72' title='bbox 410 810 548 864; x_wconf 79' lang='grc' dir='ltr'><strong><em>λόγου,</em></strong></span> <span class='ocrx_word' id='word_1_73' title='bbox 577 815 649 853; x_wconf 80' lang='grc' dir='ltr'>καί</span> <span class='ocrx_word' id='word_1_74' title='bbox 668 812 925 865; x_wconf 80' lang='grc' dir='ltr'><strong><em>τρεψάμενος</em></strong></span> <span class='ocrx_word' id='word_1_75' title='bbox 945 813 1071 855; x_wconf 76' lang='grc' dir='ltr'><strong><em>αι’τόν</em></strong></span> <span class='ocrx_word' id='word_1_76' title='bbox 1091 830 1134 855; x_wconf 87' lang='grc' dir='ltr'><strong>τε</strong></span> <span class='ocrx_word' id='word_1_77' title='bbox 1154 815 1360 869; x_wconf 76' lang='grc' dir='ltr'><strong><em>ἐζώγρησε</em></strong></span> <span class='ocrx_word' id='word_1_78' title='bbox 1378 817 1449 856; x_wconf 75' lang='grc' dir='ltr'><strong><em>καὶ</em></strong></span> <span class='ocrx_word' id='word_1_79' title='bbox 1466 817 1547 855; x_wconf 78' lang='grc' dir='ltr'><strong>τῶν</strong></span> <span class='ocrx_word' id='word_1_80' title='bbox 1565 809 1701 855; x_wconf 71' lang='grc' dir='ltr'><strong><em>ἄλλων</em></strong></span> 
     </span>
     <span class='ocr_line' id='line_1_12' title="bbox 197 877 1757 932; baseline 0.002 -17"><span class='ocrx_word' id='word_1_81' title='bbox 197 906 207 911; x_wconf 86' lang='grc'><strong>-</strong></span> <span class='ocrx_word' id='word_1_82' title='bbox 231 877 556 930; x_wconf 74' lang='grc' dir='ltr'><strong><em>Βδιαφυγόντων</em></strong></span> <span class='ocrx_word' id='word_1_83' title='bbox 579 879 816 932; x_wconf 79' lang='grc' dir='ltr'><strong><em>διέφθειρεν</em></strong></span> <span class='ocrx_word' id='word_1_84' title='bbox 844 878 895 917; x_wconf 83' lang='grc' dir='ltr'><strong>ου’</strong></span> <span class='ocrx_word' id='word_1_85' title='bbox 920 877 1107 926; x_wconf 84' lang='grc' dir='ltr'><strong><em>πολλούς.</em></strong></span> <span class='ocrx_word' id='word_1_86' title='bbox 1136 878 1306 927; x_wconf 82' lang='grc' dir='ltr'><strong><em>τούτους</em></strong></span> <span class='ocrx_word' id='word_1_87' title='bbox 1325 882 1401 932; x_wconf 84' lang='grc' dir='ltr'><strong>μὲν</strong></span> <span class='ocrx_word' id='word_1_88' title='bbox 1420 878 1475 926; x_wconf 75' lang='grc' dir='ltr'><strong><em>ὥς</em></strong></span> <span class='ocrx_word' id='word_1_89' title='bbox 1495 878 1700 932; x_wconf 76' lang='grc' dir='ltr'><strong><em>ἐζώγρησε</em></strong></span> <span class='ocrx_word' id='word_1_90' title='bbox 1714 886 1757 918; x_wconf 86' lang='grc'><strong>10</strong></span> 
     </span>
     <span class='ocr_line' id='line_1_13' title="bbox 132 939 1701 998; baseline 0.003 -19"><span class='ocrx_word' id='word_1_91' title='bbox 132 944 256 979; x_wconf 76' lang='lat' dir='ltr'><strong>v.208</strong></span> <span class='ocrx_word' id='word_1_92' title='bbox 268 939 514 992; x_wconf 82' lang='grc' dir='ltr'><strong><em>σύμπαντας</em></strong></span> <span class='ocrx_word' id='word_1_93' title='bbox 541 941 763 994; x_wconf 79' lang='grc' dir='ltr'><strong><em>α’παγαγών</em></strong></span> <span class='ocrx_word' id='word_1_94' title='bbox 792 940 1127 995; x_wconf 81' lang='grc' dir='ltr'><strong><em>α’νεσκολόπισεν,</em></strong></span> <span class='ocrx_word' id='word_1_95' title='bbox 1159 942 1574 998; x_wconf 73' lang='grc' dir='ltr'><strong><em>ἀκρωτηριασάμενος</em></strong></span> <span class='ocrx_word' id='word_1_96' title='bbox 1602 942 1701 992; x_wconf 81' lang='grc' dir='ltr'><strong><em>τούς</em></strong></span> 
     </span>
     <span class='ocr_line' id='line_1_14' title="bbox 267 1000 1702 1062; baseline -0.001 -14"><span class='ocrx_word' id='word_1_97' title='bbox 267 1000 423 1059; x_wconf 68' lang='grc' dir='ltr'><strong><em>ἄνδρας</em></strong></span> <span class='ocrx_word' id='word_1_98' title='bbox 468 1004 692 1060; x_wconf 85' lang='grc' dir='ltr'><strong><em>πρότερον,</em></strong></span> <span class='ocrx_word' id='word_1_99' title='bbox 721 1009 956 1057; x_wconf 70' lang='grc' dir='ltr'><strong><em>Χαμουζτῖν</em></strong></span> <span class='ocrx_word' id='word_1_100' title='bbox 1002 1010 1048 1048; x_wconf 84' lang='grc' dir='ltr'><strong>δὲ</strong></span> <span class='ocrx_word' id='word_1_101' title='bbox 1090 1009 1161 1050; x_wconf 70' lang='grc' dir='ltr'><strong>ἐπὶ</strong></span> <span class='ocrx_word' id='word_1_102' title='bbox 1203 1009 1462 1062; x_wconf 68' lang='grc' dir='ltr'><strong><em>ὑψηλοτέρου</em></strong></span> <span class='ocrx_word' id='word_1_103' title='bbox 1506 1009 1702 1056; x_wconf 85' lang='grc' dir='ltr'><strong><em>σκόλοπος</em></strong></span> 
     </span>
     <span class='ocr_line' id='line_1_15' title="bbox 267 1069 1704 1124; baseline 0.001 -14"><span class='ocrx_word' id='word_1_104' title='bbox 267 1070 562 1123; x_wconf 82' lang='grc' dir='ltr'><strong><em>ποιησάμενος,</em></strong></span> <span class='ocrx_word' id='word_1_105' title='bbox 602 1069 676 1124; x_wconf 79' lang='grc' dir='ltr'><strong>τήν</strong></span> <span class='ocrx_word' id='word_1_106' title='bbox 709 1086 753 1111; x_wconf 89' lang='grc' dir='ltr'><strong>τε</strong></span> <span class='ocrx_word' id='word_1_107' title='bbox 792 1073 1022 1124; x_wconf 76' lang='grc' dir='ltr'><strong><em>θεραπείαν</em></strong></span> <span class='ocrx_word' id='word_1_108' title='bbox 1066 1069 1155 1124; x_wconf 74' lang='grc' dir='ltr'><strong><em>ἅμα</em></strong></span> <span class='ocrx_word' id='word_1_109' title='bbox 1181 1078 1266 1120; x_wconf 82' lang='grc' dir='ltr'><strong><em>τοῖς</em></strong></span> <span class='ocrx_word' id='word_1_110' title='bbox 1297 1070 1452 1114; x_wconf 74' lang='grc' dir='ltr'><strong><em>ἑαυτοῦ</em></strong></span> <span class='ocrx_word' id='word_1_111' title='bbox 1484 1073 1704 1120; x_wconf 71' lang='grc' dir='ltr'><strong><em>δεσπόταις</em></strong></span> 
     </span>
     <span class='ocr_line' id='line_1_16' title="bbox 267 1134 1704 1190; baseline 0.001 -14"><span class='ocrx_word' id='word_1_112' title='bbox 267 1134 318 1176; x_wconf 77' lang='grc' dir='ltr'><strong>τά</strong></span> <span class='ocrx_word' id='word_1_113' title='bbox 349 1134 455 1176; x_wconf 82' lang='grc' dir='ltr'><strong><em>αιῖτά</em></strong></span> <span class='ocrx_word' id='word_1_114' title='bbox 483 1138 612 1177; x_wconf 76' lang='grc' dir='ltr'><strong><em>ταῦτα</em></strong></span> <span class='ocrx_word' id='word_1_115' title='bbox 642 1135 806 1189; x_wconf 78' lang='grc' dir='ltr'><strong><em>ἔδρασε.</em></strong></span> <span class='ocrx_word' id='word_1_116' title='bbox 865 1136 970 1188; x_wconf 80' lang='grc' dir='ltr'><strong><em>μετὰ</em></strong></span> <span class='ocrx_word' id='word_1_117' title='bbox 1001 1138 1047 1178; x_wconf 82' lang='grc' dir='ltr'><strong>δὲ</strong></span> <span class='ocrx_word' id='word_1_118' title='bbox 1084 1139 1219 1178; x_wconf 79' lang='grc' dir='ltr'><strong><em>ταῦτα</em></strong></span> <span class='ocrx_word' id='word_1_119' title='bbox 1248 1139 1394 1179; x_wconf 71' lang='grc' dir='ltr'><strong><em>αὐτίκα</em></strong></span> <span class='ocrx_word' id='word_1_120' title='bbox 1425 1137 1599 1190; x_wconf 83' lang='grc' dir='ltr'><strong><em>στρατὸν</em></strong></span> <span class='ocrx_word' id='word_1_121' title='bbox 1626 1154 1704 1177; x_wconf 86' lang='grc' dir='ltr'><strong>πα-</strong></span> 
     </span>
     <span class='ocr_line' id='line_1_17' title="bbox 167 1195 1759 1255; baseline 0.002 -15"><span class='ocrx_word' id='word_1_122' title='bbox 167 1199 631 1252; x_wconf 78' lang='grc' dir='ltr'><strong><em>1462ρασκευασάμενος</em></strong></span> <span class='ocrx_word' id='word_1_123' title='bbox 670 1195 699 1255; x_wconf 81' lang='grc' dir='ltr'><em>ᾗ</em></span> <span class='ocrx_word' id='word_1_124' title='bbox 729 1199 908 1252; x_wconf 86' lang='grc' dir='ltr'><strong><em>δύναμις</em></strong></span> <span class='ocrx_word' id='word_1_125' title='bbox 949 1203 1163 1254; x_wconf 78' lang='grc' dir='ltr'><strong><em>μέγιστον,</em></strong></span> <span class='ocrx_word' id='word_1_126' title='bbox 1191 1198 1321 1255; x_wconf 78' lang='grc' dir='ltr'><strong><em>ἤλασέ</em></strong></span> <span class='ocrx_word' id='word_1_127' title='bbox 1359 1216 1402 1242; x_wconf 83' lang='grc' dir='ltr'><strong>τε</strong></span> <span class='ocrx_word' id='word_1_128' title='bbox 1441 1198 1594 1242; x_wconf 72' lang='grc' dir='ltr'><strong><em>αὐτίκα</em></strong></span> <span class='ocrx_word' id='word_1_129' title='bbox 1633 1199 1704 1242; x_wconf 73' lang='grc' dir='ltr'><strong><em>ἐπὶ</em></strong></span> <span class='ocrx_word' id='word_1_130' title='bbox 1716 1209 1759 1243; x_wconf 82' lang='grc'><strong>15</strong></span> 
     </span>
     <span class='ocr_line' id='line_1_18' title="bbox 150 1258 1702 1319; baseline 0.003 -17"><span class='ocrx_word' id='word_1_131' title='bbox 150 1264 154 1265; x_wconf 47' lang='lat'><em>⁷</em></span> <span class='ocrx_word' id='word_1_132' title='bbox 268 1258 544 1315; x_wconf 79' lang='grc' dir='ltr'><strong><em>τὸνἼστρον,</em></strong></span> <span class='ocrx_word' id='word_1_133' title='bbox 584 1263 657 1304; x_wconf 81' lang='grc' dir='ltr'><em>καί</em></span> <span class='ocrx_word' id='word_1_134' title='bbox 685 1263 836 1316; x_wconf 81' lang='grc' dir='ltr'><strong><em>διαβάς</em></strong></span> <span class='ocrx_word' id='word_1_135' title='bbox 875 1266 917 1313; x_wconf 82' lang='grc' dir='ltr'><strong><em>ἐς</em></strong></span> <span class='ocrx_word' id='word_1_136' title='bbox 958 1265 1008 1307; x_wconf 81' lang='grc' dir='ltr'><strong>τά</strong></span> <span class='ocrx_word' id='word_1_137' title='bbox 1049 1263 1120 1306; x_wconf 77' lang='grc' dir='ltr'><strong>ἐπὶ</strong></span> <span class='ocrx_word' id='word_1_138' title='bbox 1144 1264 1242 1307; x_wconf 84' lang='grc' dir='ltr'><strong><em>τάδε</em></strong></span> <span class='ocrx_word' id='word_1_139' title='bbox 1281 1266 1420 1319; x_wconf 86' lang='grc' dir='ltr'><strong><em>χωρία</em></strong></span> <span class='ocrx_word' id='word_1_140' title='bbox 1448 1267 1521 1306; x_wconf 83' lang='grc' dir='ltr'><strong>τοῦ</strong></span> <span class='ocrx_word' id='word_1_141' title='bbox 1537 1260 1702 1319; x_wconf 79' lang='grc' dir='ltr'><strong><em>Ἴστρου</em></strong></span> 
     </span>
     <span class='ocr_line' id='line_1_19' title="bbox 269 1327 1706 1383; baseline 0.001 -15"><span class='ocrx_word' id='word_1_142' title='bbox 269 1327 342 1369; x_wconf 83' lang='grc' dir='ltr'>καί</span> <span class='ocrx_word' id='word_1_143' title='bbox 366 1329 513 1381; x_wconf 78' lang='grc' dir='ltr'><strong><em>χώραν</em></strong></span> <span class='ocrx_word' id='word_1_144' title='bbox 539 1331 614 1370; x_wconf 80' lang='grc' dir='ltr'><strong>τοῦ</strong></span> <span class='ocrx_word' id='word_1_145' title='bbox 640 1332 844 1382; x_wconf 81' lang='grc' dir='ltr'><strong><em>βασιλέως</em></strong></span> <span class='ocrx_word' id='word_1_146' title='bbox 887 1330 1079 1371; x_wconf 82' lang='grc' dir='ltr'><strong><em>πασσυδί</em></strong></span> <span class='ocrx_word' id='word_1_147' title='bbox 1101 1346 1146 1372; x_wconf 88' lang='grc' dir='ltr'><strong>τε</strong></span> <span class='ocrx_word' id='word_1_148' title='bbox 1169 1327 1259 1383; x_wconf 69' lang='grc' dir='ltr'><strong><em>ἅμα</em></strong></span> <span class='ocrx_word' id='word_1_149' title='bbox 1298 1332 1419 1372; x_wconf 75' lang='grc' dir='ltr'><strong><em>παισὶ</em></strong></span> <span class='ocrx_word' id='word_1_150' title='bbox 1444 1329 1518 1371; x_wconf 83' lang='grc' dir='ltr'>καί</span> <span class='ocrx_word' id='word_1_151' title='bbox 1541 1329 1706 1383; x_wconf 79' lang='grc' dir='ltr'><strong><em>γυναιξὶ</em></strong></span> 
     </span>
     <span class='ocr_line' id='line_1_20' title="bbox 269 1391 1705 1452; baseline 0.001 -18"><span class='ocrx_word' id='word_1_152' title='bbox 269 1395 507 1447; x_wconf 76' lang='grc' dir='ltr'><strong><em>διέφθειρε,</em></strong></span> <span class='ocrx_word' id='word_1_153' title='bbox 545 1394 618 1438; x_wconf 82' lang='grc' dir='ltr'><em>καί</em></span> <span class='ocrx_word' id='word_1_154' title='bbox 655 1396 785 1442; x_wconf 83' lang='grc' dir='ltr'><strong><em>οἰκίας</em></strong></span> <span class='ocrx_word' id='word_1_155' title='bbox 825 1396 1079 1448; x_wconf 63' lang='grc' dir='ltr'><strong><em>ἑνεπιζιιπρα,</em></strong></span> <span class='ocrx_word' id='word_1_156' title='bbox 1114 1398 1196 1449; x_wconf 82' lang='grc' dir='ltr'><strong>πῦρ</strong></span> <span class='ocrx_word' id='word_1_157' title='bbox 1234 1397 1354 1443; x_wconf 71' lang='grc' dir='ltr'><strong><em>ἐνιεὶς</em></strong></span> <span class='ocrx_word' id='word_1_158' title='bbox 1397 1391 1491 1436; x_wconf 84' lang='grc' dir='ltr'><strong><em>ὅποι</em></strong></span> <span class='ocrx_word' id='word_1_159' title='bbox 1518 1395 1705 1452; x_wconf 79' lang='grc' dir='ltr'><strong><em>προσῄει.</em></strong></span> 
     </span>
     <span class='ocr_line' id='line_1_21' title="bbox 268 1458 1705 1515; baseline 0.002 -17"><span class='ocrx_word' id='word_1_160' title='bbox 268 1458 340 1498; x_wconf 82' lang='grc' dir='ltr'><em>καί</em></span> <span class='ocrx_word' id='word_1_161' title='bbox 362 1458 557 1511; x_wconf 83' lang='grc' dir='ltr'><strong><em>μέγιστον</em></strong></span> <span class='ocrx_word' id='word_1_162' title='bbox 571 1458 851 1511; x_wconf 80' lang='grc' dir='ltr'><strong><em>ἐργασάμενος</em></strong></span> <span class='ocrx_word' id='word_1_163' title='bbox 878 1460 1002 1515; x_wconf 85' lang='grc' dir='ltr'><strong><em>φόνον</em></strong></span> <span class='ocrx_word' id='word_1_164' title='bbox 1033 1459 1270 1514; x_wconf 71' lang='grc' dir='ltr'><strong><em>ἀπήλαυνεν</em></strong></span> <span class='ocrx_word' id='word_1_165' title='bbox 1299 1459 1432 1502; x_wconf 65' lang='lat' dir='ltr'><strong>dutum</strong></span> <span class='ocrx_word' id='word_1_166' title='bbox 1450 1461 1518 1501; x_wconf 75' lang='grc' dir='ltr'><strong><em>ἐπὶ</em></strong></span> <span class='ocrx_word' id='word_1_167' title='bbox 1532 1462 1705 1508; x_wconf 82' lang='grc' dir='ltr'><strong><em>Δακίας.</em></strong></span> 
     </span>
    </p>
   </div>
   <div class='ocr_carea' id='block_1_4' title="bbox 364 1573 1189 1638">
    <p class='ocr_par' dir='ltr' id='par_1_4' title="bbox 364 1573 1189 1638">
     <span class='ocr_line' id='line_1_22' title="bbox 364 1573 1189 1638; baseline 0.002 -15"><span class='ocrx_word' id='word_1_168' title='bbox 364 1589 398 1623; x_wconf 84' lang='grc'><strong>3.</strong></span> <span class='ocrx_word' id='word_1_169' title='bbox 427 1573 698 1636; x_wconf 74' lang='grc' dir='ltr'><strong><em>προσελὸχησεν</em></strong></span> <span class='ocrx_word' id='word_1_170' title='bbox 730 1592 751 1624; x_wconf 84' lang='grc' dir='ltr'>Ρ</span> <span class='ocrx_word' id='word_1_171' title='bbox 868 1591 920 1625; x_wconf 86' lang='grc'><strong>10.</strong></span> <span class='ocrx_word' id='word_1_172' title='bbox 942 1594 1069 1638; x_wconf 81' lang='grc' dir='ltr'><strong><em>μέντοι</em></strong></span> <span class='ocrx_word' id='word_1_173' title='bbox 1095 1589 1189 1630; x_wconf 71' lang='grc' dir='ltr'><strong>οὓςὲ)</strong></span> 
     </span>
    </p>
   </div>
   <div class='ocr_carea' id='block_1_5' title="bbox 271 1701 1706 2751">
    <p class='ocr_par' dir='ltr' id='par_1_5' title="bbox 271 1701 1706 2751">
     <span class='ocr_line' id='line_1_23' title="bbox 274 1701 1699 1748; baseline 0 -14"><span class='ocrx_word' id='word_1_174' title='bbox 274 1702 419 1734; x_wconf 86' lang='lat' dir='ltr'><strong>consilia</strong></span> <span class='ocrx_word' id='word_1_175' title='bbox 445 1701 630 1742; x_wconf 66' lang='lat' dir='ltr'><strong>tractabat,</strong></span> <span class='ocrx_word' id='word_1_176' title='bbox 655 1714 726 1747; x_wconf 86' lang='lat' dir='ltr'><strong>qua</strong></span> <span class='ocrx_word' id='word_1_177' title='bbox 753 1704 889 1736; x_wconf 77' lang='lat' dir='ltr'><strong>ratione</strong></span> <span class='ocrx_word' id='word_1_178' title='bbox 915 1704 1084 1747; x_wconf 83' lang='lat' dir='ltr'><strong>imperata</strong></span> <span class='ocrx_word' id='word_1_179' title='bbox 1101 1709 1303 1748; x_wconf 80' lang='lat' dir='ltr'><strong>opportune</strong></span> <span class='ocrx_word' id='word_1_180' title='bbox 1329 1702 1374 1734; x_wconf 85' lang='lat' dir='ltr'><strong>ad</strong></span> <span class='ocrx_word' id='word_1_181' title='bbox 1392 1713 1461 1734; x_wconf 79' lang='lat' dir='ltr'><strong>rem</strong></span> <span class='ocrx_word' id='word_1_182' title='bbox 1487 1702 1699 1734; x_wconf 81' lang='lat' dir='ltr'><strong>conferrent.</strong></span> 
     </span>
     <span class='ocr_line' id='line_1_24' title="bbox 274 1747 1706 1791; baseline 0.001 -12"><span class='ocrx_word' id='word_1_183' title='bbox 274 1749 387 1781; x_wconf 86' lang='lat' dir='ltr'><strong>visum</strong></span> <span class='ocrx_word' id='word_1_184' title='bbox 416 1749 521 1791; x_wconf 81' lang='lat' dir='ltr'><strong>igitur</strong></span> <span class='ocrx_word' id='word_1_185' title='bbox 547 1754 599 1781; x_wconf 85' lang='lat' dir='ltr'><strong>est</strong></span> <span class='ocrx_word' id='word_1_186' title='bbox 625 1749 692 1780; x_wconf 84' lang='lat' dir='ltr'><strong>hoc</strong></span> <span class='ocrx_word' id='word_1_187' title='bbox 717 1760 790 1782; x_wconf 88' lang='lat' dir='ltr'><strong>esse</strong></span> <span class='ocrx_word' id='word_1_188' title='bbox 815 1750 1122 1789; x_wconf 82' lang='lat' dir='ltr'><strong>consultissimum,</strong></span> <span class='ocrx_word' id='word_1_189' title='bbox 1153 1754 1192 1781; x_wconf 83' lang='lat' dir='ltr'><strong>nt</strong></span> <span class='ocrx_word' id='word_1_190' title='bbox 1216 1749 1398 1781; x_wconf 80' lang='lat' dir='ltr'>comitanti</span> <span class='ocrx_word' id='word_1_191' title='bbox 1416 1748 1524 1780; x_wconf 80' lang='lat' dir='ltr'><strong>Biudo</strong></span> <span class='ocrx_word' id='word_1_192' title='bbox 1551 1747 1706 1781; x_wconf 78' lang='lat' dir='ltr'><strong>scribam</strong></span> 
     </span>
     <span class='ocr_line' id='line_1_25' title="bbox 273 1794 1700 1840; baseline -0.001 -14"><span class='ocrx_word' id='word_1_193' title='bbox 273 1796 312 1827; x_wconf 86' lang='lat' dir='ltr'><strong>in</strong></span> <span class='ocrx_word' id='word_1_194' title='bbox 339 1805 400 1826; x_wconf 81' lang='lat' dir='ltr'><strong>sua</strong></span> <span class='ocrx_word' id='word_1_195' title='bbox 427 1795 569 1838; x_wconf 80' lang='lat' dir='ltr'><strong>regione</strong></span> <span class='ocrx_word' id='word_1_196' title='bbox 596 1795 742 1827; x_wconf 81' lang='lat' dir='ltr'><strong>insidias</strong></span> <span class='ocrx_word' id='word_1_197' title='bbox 770 1801 958 1840; x_wconf 84' lang='lat' dir='ltr'><strong>ponerent,</strong></span> <span class='ocrx_word' id='word_1_198' title='bbox 989 1806 1141 1840; x_wconf 86' lang='lat' dir='ltr'><strong>eumque</strong></span> <span class='ocrx_word' id='word_1_199' title='bbox 1156 1794 1223 1827; x_wconf 86' lang='lat' dir='ltr'><strong>hoc</strong></span> <span class='ocrx_word' id='word_1_200' title='bbox 1247 1795 1352 1827; x_wconf 86' lang='lat' dir='ltr'><strong>modo</strong></span> <span class='ocrx_word' id='word_1_201' title='bbox 1378 1805 1442 1839; x_wconf 80' lang='lat' dir='ltr'><strong>per</strong></span> <span class='ocrx_word' id='word_1_202' title='bbox 1467 1794 1614 1826; x_wconf 79' lang='lat' dir='ltr'>insidias</span> <span class='ocrx_word' id='word_1_203' title='bbox 1639 1804 1700 1826; x_wconf 89' lang='lat' dir='ltr'><strong>ex-</strong></span> 
     </span>
     <span class='ocr_line' id='line_1_26' title="bbox 272 1839 1699 1886; baseline -0.001 -14"><span class='ocrx_word' id='word_1_204' title='bbox 272 1841 443 1885; x_wconf 85' lang='lat' dir='ltr'><strong>ciperent.</strong></span> <span class='ocrx_word' id='word_1_205' title='bbox 499 1840 562 1872; x_wconf 88' lang='lat' dir='ltr'><strong>sed</strong></span> <span class='ocrx_word' id='word_1_206' title='bbox 606 1842 772 1873; x_wconf 86' lang='lat' dir='ltr'><strong>convenit</strong></span> <span class='ocrx_word' id='word_1_207' title='bbox 811 1847 849 1874; x_wconf 84' lang='lat' dir='ltr'><strong>ut</strong></span> <span class='ocrx_word' id='word_1_208' title='bbox 878 1841 1012 1880; x_wconf 78' lang='lat' dir='ltr'><strong>scriba,</strong></span> <span class='ocrx_word' id='word_1_209' title='bbox 1041 1841 1182 1886; x_wconf 81' lang='lat' dir='ltr'><strong>quando</strong></span> <span class='ocrx_word' id='word_1_210' title='bbox 1222 1841 1330 1873; x_wconf 85' lang='lat' dir='ltr'><strong>vellet</strong></span> <span class='ocrx_word' id='word_1_211' title='bbox 1355 1841 1471 1872; x_wconf 85' lang='lat' dir='ltr'><strong>redire</strong></span> <span class='ocrx_word' id='word_1_212' title='bbox 1495 1839 1539 1872; x_wconf 87' lang='lat' dir='ltr'><strong>ad</strong></span> <span class='ocrx_word' id='word_1_213' title='bbox 1573 1850 1699 1883; x_wconf 81' lang='lat' dir='ltr'><strong>regem,</strong></span> 
     </span>
     <span class='ocr_line' id='line_1_27' title="bbox 272 1885 1702 1931; baseline 0 -12"><span class='ocrx_word' id='word_1_214' title='bbox 272 1888 448 1929; x_wconf 82' lang='lat' dir='ltr'><strong>digressus</strong></span> <span class='ocrx_word' id='word_1_215' title='bbox 474 1897 493 1917; x_wconf 90' lang='lat' dir='ltr'>a</span> <span class='ocrx_word' id='word_1_216' title='bbox 519 1885 640 1926; x_wconf 85' lang='lat' dir='ltr'><strong>Blado,</strong></span> <span class='ocrx_word' id='word_1_217' title='bbox 663 1886 887 1930; x_wconf 81' lang='lat' dir='ltr'><strong>significaret.</strong></span> <span class='ocrx_word' id='word_1_218' title='bbox 949 1887 1061 1919; x_wconf 85' lang='lat' dir='ltr'><strong>scriba</strong></span> <span class='ocrx_word' id='word_1_219' title='bbox 1105 1886 1398 1931; x_wconf 79' lang='lat' dir='ltr'><strong>quemadmodum</strong></span> <span class='ocrx_word' id='word_1_220' title='bbox 1424 1887 1602 1919; x_wconf 81' lang='lat' dir='ltr'><strong>decretum</strong></span> <span class='ocrx_word' id='word_1_221' title='bbox 1626 1890 1702 1919; x_wconf 73' lang='lat' dir='ltr'><strong>erat</strong></span> 
     </span>
     <span class='ocr_line' id='line_1_28' title="bbox 272 1931 1702 1977; baseline -0.001 -12"><span class='ocrx_word' id='word_1_222' title='bbox 272 1934 375 1974; x_wconf 79' lang='lat' dir='ltr'><strong>fecit3</strong></span> <span class='ocrx_word' id='word_1_223' title='bbox 399 1931 531 1971; x_wconf 88' lang='lat' dir='ltr'><strong>horam,</strong></span> <span class='ocrx_word' id='word_1_224' title='bbox 558 1943 627 1977; x_wconf 84' lang='lat' dir='ltr'><strong>qua</strong></span> <span class='ocrx_word' id='word_1_225' title='bbox 652 1933 811 1967; x_wconf 77' lang='lat' dir='ltr'><strong>abiturus</strong></span> <span class='ocrx_word' id='word_1_226' title='bbox 834 1939 925 1966; x_wconf 81' lang='lat' dir='ltr'><strong>esset</strong></span> <span class='ocrx_word' id='word_1_227' title='bbox 952 1933 995 1965; x_wconf 73' lang='lat' dir='ltr'><strong>ad</strong></span> <span class='ocrx_word' id='word_1_228' title='bbox 1024 1944 1138 1977; x_wconf 80' lang='lat' dir='ltr'><strong>regem</strong></span> <span class='ocrx_word' id='word_1_229' title='bbox 1167 1934 1358 1965; x_wconf 84' lang='lat' dir='ltr'><strong>comitante</strong></span> <span class='ocrx_word' id='word_1_230' title='bbox 1372 1931 1493 1973; x_wconf 82' lang='lat' dir='ltr'><strong>Blado,</strong></span> <span class='ocrx_word' id='word_1_231' title='bbox 1521 1931 1702 1964; x_wconf 80' lang='lat' dir='ltr'><strong>indicavit.</strong></span> 
     </span>
     <span class='ocr_line' id='line_1_29' title="bbox 273 1977 1699 2024; baseline -0.001 -13"><span class='ocrx_word' id='word_1_232' title='bbox 273 1984 490 2024; x_wconf 80' lang='lat' dir='ltr'><strong>quapropter</strong></span> <span class='ocrx_word' id='word_1_233' title='bbox 512 1978 670 2018; x_wconf 77' lang='lat' dir='ltr'><strong>insidias,</strong></span> <span class='ocrx_word' id='word_1_234' title='bbox 696 1990 738 2012; x_wconf 87' lang='lat' dir='ltr'><strong>eo</strong></span> <span class='ocrx_word' id='word_1_235' title='bbox 764 1980 832 2011; x_wconf 90' lang='lat' dir='ltr'><strong>loci</strong></span> <span class='ocrx_word' id='word_1_236' title='bbox 868 1991 937 2024; x_wconf 83' lang='lat' dir='ltr'><strong>quo</strong></span> <span class='ocrx_word' id='word_1_237' title='bbox 964 1980 1184 2023; x_wconf 82' lang='lat' dir='ltr'><strong>profecturus</strong></span> <span class='ocrx_word' id='word_1_238' title='bbox 1210 1985 1286 2011; x_wconf 78' lang='lat' dir='ltr'><strong>erat</strong></span> <span class='ocrx_word' id='word_1_239' title='bbox 1309 1979 1428 2019; x_wconf 77' lang='lat' dir='ltr'><strong>mado,</strong></span> <span class='ocrx_word' id='word_1_240' title='bbox 1451 1978 1579 2011; x_wconf 81' lang='lat' dir='ltr'>struxit</span> <span class='ocrx_word' id='word_1_241' title='bbox 1605 1977 1699 2010; x_wconf 77' lang='lat' dir='ltr'>Cha-</span> 
     </span>
     <span class='ocr_line' id='line_1_30' title="bbox 271 2024 1702 2070; baseline -0.001 -13"><span class='ocrx_word' id='word_1_242' title='bbox 271 2036 401 2058; x_wconf 88' lang='lat' dir='ltr'><strong>muzes.</strong></span> <span class='ocrx_word' id='word_1_243' title='bbox 450 2024 579 2057; x_wconf 84' lang='lat' dir='ltr'><strong>Biadus</strong></span> <span class='ocrx_word' id='word_1_244' title='bbox 614 2026 734 2070; x_wconf 80' lang='lat' dir='ltr'><strong>itaque</strong></span> <span class='ocrx_word' id='word_1_245' title='bbox 767 2031 919 2059; x_wconf 79' lang='lat' dir='ltr'><strong>armatus</strong></span> <span class='ocrx_word' id='word_1_246' title='bbox 955 2037 1033 2069; x_wconf 75' lang='lat' dir='ltr'><strong>eum</strong></span> <span class='ocrx_word' id='word_1_247' title='bbox 1058 2026 1152 2065; x_wconf 79' lang='lat' dir='ltr'><strong>suis,</strong></span> <span class='ocrx_word' id='word_1_248' title='bbox 1177 2036 1394 2070; x_wconf 80' lang='lat' dir='ltr'><strong>prosequens</strong></span> <span class='ocrx_word' id='word_1_249' title='bbox 1417 2025 1563 2057; x_wconf 79' lang='lat' dir='ltr'><strong>scribam</strong></span> <span class='ocrx_word' id='word_1_250' title='bbox 1588 2028 1624 2056; x_wconf 91' lang='lat' dir='ltr'><strong>et</strong></span> <span class='ocrx_word' id='word_1_251' title='bbox 1648 2024 1702 2055; x_wconf 79' lang='lat' dir='ltr'><strong>ia-</strong></span> 
     </span>
     <span class='ocr_line' id='line_1_31' title="bbox 274 2070 1701 2116; baseline -0.001 -13"><span class='ocrx_word' id='word_1_252' title='bbox 274 2082 420 2104; x_wconf 83' lang='lat' dir='ltr'><strong>nuarum</strong></span> <span class='ocrx_word' id='word_1_253' title='bbox 446 2070 582 2109; x_wconf 86' lang='lat' dir='ltr'><strong>ducem,</strong></span> <span class='ocrx_word' id='word_1_254' title='bbox 607 2071 644 2102; x_wconf 88' lang='lat' dir='ltr'><strong>in</strong></span> <span class='ocrx_word' id='word_1_255' title='bbox 670 2071 814 2104; x_wconf 80' lang='lat' dir='ltr'><strong>insidias</strong></span> <span class='ocrx_word' id='word_1_256' title='bbox 838 2073 1090 2116; x_wconf 72' lang='lat' dir='ltr'><strong>praecipitatus</strong></span> <span class='ocrx_word' id='word_1_257' title='bbox 1116 2077 1179 2104; x_wconf 76' lang='lat' dir='ltr'><strong>est.</strong></span> <span class='ocrx_word' id='word_1_258' title='bbox 1227 2083 1312 2115; x_wconf 77' lang='lat' dir='ltr'><strong>quas</strong></span> <span class='ocrx_word' id='word_1_259' title='bbox 1334 2071 1394 2103; x_wconf 88' lang='lat' dir='ltr'><strong>ubi</strong></span> <span class='ocrx_word' id='word_1_260' title='bbox 1419 2070 1594 2113; x_wconf 76' lang='lat' dir='ltr'><strong>cognovit,</strong></span> <span class='ocrx_word' id='word_1_261' title='bbox 1619 2081 1701 2102; x_wconf 79' lang='lat' dir='ltr'><strong>suos</strong></span> 
     </span>
     <span class='ocr_line' id='line_1_32' title="bbox 272 2116 1702 2162; baseline -0.001 -13"><span class='ocrx_word' id='word_1_262' title='bbox 272 2118 371 2150; x_wconf 87' lang='lat' dir='ltr'><strong>illico</strong></span> <span class='ocrx_word' id='word_1_263' title='bbox 396 2116 642 2150; x_wconf 80' lang='lat' dir='ltr'><strong>exhortatione</strong></span> <span class='ocrx_word' id='word_1_264' title='bbox 668 2117 817 2150; x_wconf 79' lang='lat' dir='ltr'><strong>firmavit</strong></span> <span class='ocrx_word' id='word_1_265' title='bbox 832 2123 868 2150; x_wconf 81' lang='lat' dir='ltr'><strong>et</strong></span> <span class='ocrx_word' id='word_1_266' title='bbox 884 2119 1061 2150; x_wconf 78' lang='lat' dir='ltr'><strong>ministros</strong></span> <span class='ocrx_word' id='word_1_267' title='bbox 1091 2119 1195 2162; x_wconf 84' lang='lat' dir='ltr'><strong>capit.</strong></span> <span class='ocrx_word' id='word_1_268' title='bbox 1245 2118 1436 2150; x_wconf 77' lang='lat' dir='ltr'><strong>Chamuzes</strong></span> <span class='ocrx_word' id='word_1_269' title='bbox 1460 2122 1576 2148; x_wconf 83' lang='lat' dir='ltr'><strong>autem</strong></span> <span class='ocrx_word' id='word_1_270' title='bbox 1601 2126 1702 2148; x_wconf 79' lang='lat' dir='ltr'><strong>ncce-</strong></span> 
     </span>
     <span class='ocr_line' id='line_1_33' title="bbox 275 2162 1700 2207; baseline -0.002 -11"><span class='ocrx_word' id='word_1_271' title='bbox 275 2163 362 2196; x_wconf 81' lang='lat' dir='ltr'><strong>dens</strong></span> <span class='ocrx_word' id='word_1_272' title='bbox 387 2163 560 2207; x_wconf 83' lang='lat' dir='ltr'><strong>pugnavit</strong></span> <span class='ocrx_word' id='word_1_273' title='bbox 583 2173 752 2207; x_wconf 81' lang='lat' dir='ltr'><strong>perquam</strong></span> <span class='ocrx_word' id='word_1_274' title='bbox 791 2164 940 2197; x_wconf 81' lang='lat' dir='ltr'><strong>fortiter.</strong></span> <span class='ocrx_word' id='word_1_275' title='bbox 1002 2163 1143 2196; x_wconf 81' lang='lat' dir='ltr'><strong>tandem</strong></span> <span class='ocrx_word' id='word_1_276' title='bbox 1178 2163 1387 2195; x_wconf 81' lang='lat' dir='ltr'><strong>Chamuzem</strong></span> <span class='ocrx_word' id='word_1_277' title='bbox 1421 2164 1458 2194; x_wconf 92' lang='lat' dir='ltr'><strong>iu</strong></span> <span class='ocrx_word' id='word_1_278' title='bbox 1484 2162 1599 2205; x_wconf 78' lang='lat' dir='ltr'><strong>fugam</strong></span> <span class='ocrx_word' id='word_1_279' title='bbox 1622 2171 1700 2193; x_wconf 85' lang='lat' dir='ltr'><strong>ver·</strong></span> 
     </span>
     <span class='ocr_line' id='line_1_34' title="bbox 273 2206 1702 2254; baseline -0.002 -12"><span class='ocrx_word' id='word_1_280' title='bbox 273 2220 350 2242; x_wconf 85' lang='lat' dir='ltr'><strong>sum</strong></span> <span class='ocrx_word' id='word_1_281' title='bbox 372 2210 490 2254; x_wconf 81' lang='lat' dir='ltr'><strong>cnpit3</strong></span> <span class='ocrx_word' id='word_1_282' title='bbox 517 2214 553 2242; x_wconf 86' lang='lat' dir='ltr'><strong>et</strong></span> <span class='ocrx_word' id='word_1_283' title='bbox 575 2209 724 2253; x_wconf 84' lang='lat' dir='ltr'><strong>reliquis</strong></span> <span class='ocrx_word' id='word_1_284' title='bbox 751 2209 980 2252; x_wconf 65' lang='lat' dir='ltr'><strong>fugienffibm,</strong></span> <span class='ocrx_word' id='word_1_285' title='bbox 1009 2210 1128 2242; x_wconf 84' lang='lat' dir='ltr'><strong>evenit</strong></span> <span class='ocrx_word' id='word_1_286' title='bbox 1158 2216 1196 2242; x_wconf 89' lang='lat' dir='ltr'><strong>ut</strong></span> <span class='ocrx_word' id='word_1_287' title='bbox 1220 2221 1292 2242; x_wconf 91' lang='lat' dir='ltr'><strong>non</strong></span> <span class='ocrx_word' id='word_1_288' title='bbox 1318 2208 1421 2240; x_wconf 81' lang='lat' dir='ltr'><strong>multi</strong></span> <span class='ocrx_word' id='word_1_289' title='bbox 1443 2209 1612 2252; x_wconf 81' lang='lat' dir='ltr'><strong>perirent.</strong></span> <span class='ocrx_word' id='word_1_290' title='bbox 1637 2206 1702 2239; x_wconf 79' lang='lat' dir='ltr'><strong>hos</strong></span> 
     </span>
     <span class='ocr_line' id='line_1_35' title="bbox 274 2253 1700 2300; baseline -0.002 -12"><span class='ocrx_word' id='word_1_291' title='bbox 274 2257 381 2298; x_wconf 76' lang='lat' dir='ltr'><strong>igitur</strong></span> <span class='ocrx_word' id='word_1_292' title='bbox 419 2266 563 2294; x_wconf 83' lang='lat' dir='ltr'><strong>omnes,</strong></span> <span class='ocrx_word' id='word_1_293' title='bbox 600 2265 688 2299; x_wconf 85' lang='lat' dir='ltr'><strong>quos</strong></span> <span class='ocrx_word' id='word_1_294' title='bbox 714 2256 809 2287; x_wconf 82' lang='lat' dir='ltr'><strong>vivos</strong></span> <span class='ocrx_word' id='word_1_295' title='bbox 838 2255 1175 2300; x_wconf 81' lang='lat' dir='ltr'><strong>comprehenderat,</strong></span> <span class='ocrx_word' id='word_1_296' title='bbox 1206 2255 1354 2287; x_wconf 69' lang='lat' dir='ltr'><strong>abduxit</strong></span> <span class='ocrx_word' id='word_1_297' title='bbox 1379 2260 1414 2287; x_wconf 81' lang='lat' dir='ltr'><strong>et</strong></span> <span class='ocrx_word' id='word_1_298' title='bbox 1449 2254 1538 2298; x_wconf 80' lang='lat' dir='ltr'><strong>palis</strong></span> <span class='ocrx_word' id='word_1_299' title='bbox 1565 2253 1700 2286; x_wconf 75' lang='lat' dir='ltr'><strong>adfixit.</strong></span> 
     </span>
     <span class='ocr_line' id='line_1_36' title="bbox 274 2300 1702 2346; baseline -0.002 -12"><span class='ocrx_word' id='word_1_300' title='bbox 274 2308 450 2334; x_wconf 82' lang='lat' dir='ltr'><strong>caeterum</strong></span> <span class='ocrx_word' id='word_1_301' title='bbox 474 2307 663 2346; x_wconf 81' lang='lat' dir='ltr'><strong>antequam</strong></span> <span class='ocrx_word' id='word_1_302' title='bbox 689 2301 830 2345; x_wconf 81' lang='lat' dir='ltr'><strong>capitali</strong></span> <span class='ocrx_word' id='word_1_303' title='bbox 856 2302 1030 2346; x_wconf 88' lang='lat' dir='ltr'><strong>supplicio</strong></span> <span class='ocrx_word' id='word_1_304' title='bbox 1069 2301 1315 2339; x_wconf 85' lang='lat' dir='ltr'><strong>subderentur,</strong></span> <span class='ocrx_word' id='word_1_305' title='bbox 1343 2300 1497 2333; x_wconf 78' lang='lat' dir='ltr'><strong>mutilati</strong></span> <span class='ocrx_word' id='word_1_306' title='bbox 1522 2305 1615 2338; x_wconf 80' lang='lat' dir='ltr'><strong>sunt,</strong></span> <span class='ocrx_word' id='word_1_307' title='bbox 1641 2310 1702 2331; x_wconf 79' lang='lat' dir='ltr'><strong>ex-</strong></span> 
     </span>
     <span class='ocr_line' id='line_1_37' title="bbox 274 2346 1701 2392; baseline -0.002 -12"><span class='ocrx_word' id='word_1_308' title='bbox 274 2349 395 2381; x_wconf 77' lang='lat' dir='ltr'><strong>tremis</strong></span> <span class='ocrx_word' id='word_1_309' title='bbox 421 2348 576 2392; x_wconf 83' lang='lat' dir='ltr'><strong>corporis</strong></span> <span class='ocrx_word' id='word_1_310' title='bbox 617 2347 774 2391; x_wconf 80' lang='lat' dir='ltr'><strong>partibus</strong></span> <span class='ocrx_word' id='word_1_311' title='bbox 803 2348 983 2392; x_wconf 84' lang='lat' dir='ltr'><strong>praecisis.</strong></span> <span class='ocrx_word' id='word_1_312' title='bbox 1034 2347 1240 2379; x_wconf 82' lang='lat' dir='ltr'><strong>Chamuzem</strong></span> <span class='ocrx_word' id='word_1_313' title='bbox 1265 2347 1384 2379; x_wconf 80' lang='lat' dir='ltr'><strong>altiori</strong></span> <span class='ocrx_word' id='word_1_314' title='bbox 1411 2357 1516 2391; x_wconf 75' lang='lat' dir='ltr'><strong>quam</strong></span> <span class='ocrx_word' id='word_1_315' title='bbox 1545 2346 1701 2390; x_wconf 77' lang='lat' dir='ltr'><strong>reliquos</strong></span> 
     </span>
     <span class='ocr_line' id='line_1_38' title="bbox 275 2392 1698 2436; baseline -0.002 -10"><span class='ocrx_word' id='word_1_316' title='bbox 275 2395 369 2426; x_wconf 86' lang='lat' dir='ltr'><strong>cruci</strong></span> <span class='ocrx_word' id='word_1_317' title='bbox 398 2393 516 2426; x_wconf 80' lang='lat' dir='ltr'><strong>affixit.</strong></span> <span class='ocrx_word' id='word_1_318' title='bbox 565 2393 633 2425; x_wconf 85' lang='lat' dir='ltr'><strong>hoc</strong></span> <span class='ocrx_word' id='word_1_319' title='bbox 659 2399 776 2425; x_wconf 84' lang='lat' dir='ltr'><strong>autem</strong></span> <span class='ocrx_word' id='word_1_320' title='bbox 801 2393 882 2426; x_wconf 84' lang='lat' dir='ltr'><strong>ideo</strong></span> <span class='ocrx_word' id='word_1_321' title='bbox 909 2394 1039 2426; x_wconf 79' lang='lat' dir='ltr'><strong>factum</strong></span> <span class='ocrx_word' id='word_1_322' title='bbox 1066 2399 1118 2425; x_wconf 79' lang='lat' dir='ltr'><strong>est</strong></span> <span class='ocrx_word' id='word_1_323' title='bbox 1141 2405 1160 2425; x_wconf 87' lang='lat' dir='ltr'>a</span> <span class='ocrx_word' id='word_1_324' title='bbox 1189 2393 1310 2433; x_wconf 82' lang='lat' dir='ltr'><strong>Blado,</strong></span> <span class='ocrx_word' id='word_1_325' title='bbox 1337 2398 1376 2425; x_wconf 87' lang='lat' dir='ltr'><strong>ut</strong></span> <span class='ocrx_word' id='word_1_326' title='bbox 1403 2393 1474 2424; x_wconf 84' lang='lat' dir='ltr'><strong>suis</strong></span> <span class='ocrx_word' id='word_1_327' title='bbox 1499 2392 1698 2436; x_wconf 78' lang='lat' dir='ltr'><strong>exemplum</strong></span> 
     </span>
     <span class='ocr_line' id='line_1_39' title="bbox 275 2437 1702 2485; baseline -0.002 -13"><span class='ocrx_word' id='word_1_328' title='bbox 275 2445 511 2485; x_wconf 84' lang='lat' dir='ltr'><strong>proponeret,</strong></span> <span class='ocrx_word' id='word_1_329' title='bbox 548 2450 594 2471; x_wconf 87' lang='lat' dir='ltr'><strong>ne</strong></span> <span class='ocrx_word' id='word_1_330' title='bbox 630 2439 771 2484; x_wconf 82' lang='lat' dir='ltr'><strong>quaudo</strong></span> <span class='ocrx_word' id='word_1_331' title='bbox 795 2440 919 2472; x_wconf 82' lang='lat' dir='ltr'>similia</span> <span class='ocrx_word' id='word_1_332' title='bbox 946 2445 1142 2478; x_wconf 82' lang='lat' dir='ltr'><strong>tentarent,</strong></span> <span class='ocrx_word' id='word_1_333' title='bbox 1170 2441 1269 2483; x_wconf 80' lang='lat' dir='ltr'><strong>quasi</strong></span> <span class='ocrx_word' id='word_1_334' title='bbox 1296 2439 1421 2471; x_wconf 76' lang='lat' dir='ltr'>similia</span> <span class='ocrx_word' id='word_1_335' title='bbox 1450 2438 1597 2483; x_wconf 76' lang='lat' dir='ltr'><strong>passuri.</strong></span> <span class='ocrx_word' id='word_1_336' title='bbox 1647 2437 1702 2469; x_wconf 85' lang='lat' dir='ltr'><strong>bis</strong></span> 
     </span>
     <span class='ocr_line' id='line_1_40' title="bbox 274 2482 1700 2530; baseline -0.003 -12"><span class='ocrx_word' id='word_1_337' title='bbox 274 2487 324 2519; x_wconf 84' lang='lat' dir='ltr'><strong>ita</strong></span> <span class='ocrx_word' id='word_1_338' title='bbox 348 2487 453 2530; x_wconf 77' lang='lat' dir='ltr'><strong>gestis</strong></span> <span class='ocrx_word' id='word_1_339' title='bbox 486 2486 676 2518; x_wconf 76' lang='lat' dir='ltr'><strong>exercitum</strong></span> <span class='ocrx_word' id='word_1_340' title='bbox 713 2486 920 2530; x_wconf 83' lang='lat' dir='ltr'><strong>conscripsit</strong></span> <span class='ocrx_word' id='word_1_341' title='bbox 954 2497 1056 2530; x_wconf 81' lang='lat' dir='ltr'><strong>quam</strong></span> <span class='ocrx_word' id='word_1_342' title='bbox 1097 2486 1215 2529; x_wconf 78' lang='lat' dir='ltr'><strong>potuit</strong></span> <span class='ocrx_word' id='word_1_343' title='bbox 1240 2486 1448 2523; x_wconf 83' lang='lat' dir='ltr'><strong>maximum,</strong></span> <span class='ocrx_word' id='word_1_344' title='bbox 1470 2489 1506 2516; x_wconf 86' lang='lat' dir='ltr'><strong>et</strong></span> <span class='ocrx_word' id='word_1_345' title='bbox 1532 2484 1629 2516; x_wconf 85' lang='lat' dir='ltr'><strong>illico</strong></span> <span class='ocrx_word' id='word_1_346' title='bbox 1656 2482 1700 2514; x_wconf 83' lang='lat' dir='ltr'><strong>ad</strong></span> 
     </span>
     <span class='ocr_line' id='line_1_41' title="bbox 275 2530 1700 2577; baseline -0.002 -13"><span class='ocrx_word' id='word_1_347' title='bbox 275 2534 400 2564; x_wconf 75' lang='lat' dir='ltr'><strong>istrum</strong></span> <span class='ocrx_word' id='word_1_348' title='bbox 426 2533 551 2576; x_wconf 88' lang='lat' dir='ltr'><strong>raptim</strong></span> <span class='ocrx_word' id='word_1_349' title='bbox 578 2541 700 2575; x_wconf 80' lang='lat' dir='ltr'><strong>agmen</strong></span> <span class='ocrx_word' id='word_1_350' title='bbox 731 2531 852 2575; x_wconf 75' lang='lat' dir='ltr'><strong>duxit;</strong></span> <span class='ocrx_word' id='word_1_351' title='bbox 888 2542 992 2577; x_wconf 87' lang='lat' dir='ltr'><strong>quem</strong></span> <span class='ocrx_word' id='word_1_352' title='bbox 1018 2531 1195 2564; x_wconf 75' lang='lat' dir='ltr'><strong>traiiciens</strong></span> <span class='ocrx_word' id='word_1_353' title='bbox 1220 2532 1317 2564; x_wconf 82' lang='lat' dir='ltr'><strong>venit</strong></span> <span class='ocrx_word' id='word_1_354' title='bbox 1342 2532 1377 2563; x_wconf 94' lang='lat' dir='ltr'><strong>in</strong></span> <span class='ocrx_word' id='word_1_355' title='bbox 1403 2531 1478 2562; x_wconf 79' lang='lat' dir='ltr'><strong>loca</strong></span> <span class='ocrx_word' id='word_1_356' title='bbox 1504 2531 1592 2563; x_wconf 82' lang='lat' dir='ltr'><strong>istro</strong></span> <span class='ocrx_word' id='word_1_357' title='bbox 1618 2530 1700 2561; x_wconf 81' lang='lat' dir='ltr'><strong>fini-</strong></span> 
     </span>
     <span class='ocr_line' id='line_1_42' title="bbox 275 2576 1701 2622; baseline -0.002 -13"><span class='ocrx_word' id='word_1_358' title='bbox 275 2579 359 2610; x_wconf 82' lang='lat' dir='ltr'><strong>tima</strong></span> <span class='ocrx_word' id='word_1_359' title='bbox 384 2583 421 2610; x_wconf 86' lang='lat' dir='ltr'><strong>et</strong></span> <span class='ocrx_word' id='word_1_360' title='bbox 456 2579 493 2611; x_wconf 84' lang='lat' dir='ltr'><strong>in</strong></span> <span class='ocrx_word' id='word_1_361' title='bbox 519 2579 698 2621; x_wconf 79' lang='lat' dir='ltr'><strong>regionem</strong></span> <span class='ocrx_word' id='word_1_362' title='bbox 725 2579 834 2621; x_wconf 81' lang='lat' dir='ltr'><strong>regis,</strong></span> <span class='ocrx_word' id='word_1_363' title='bbox 862 2589 966 2622; x_wconf 83' lang='lat' dir='ltr'><strong>quam</strong></span> <span class='ocrx_word' id='word_1_364' title='bbox 999 2589 1069 2610; x_wconf 87' lang='lat' dir='ltr'><strong>uno</strong></span> <span class='ocrx_word' id='word_1_365' title='bbox 1095 2579 1250 2622; x_wconf 81' lang='lat' dir='ltr'><strong>impetn,</strong></span> <span class='ocrx_word' id='word_1_366' title='bbox 1274 2579 1383 2609; x_wconf 68' lang='lat' dir='ltr'><strong>caesis</strong></span> <span class='ocrx_word' id='word_1_367' title='bbox 1411 2576 1532 2609; x_wconf 73' lang='lat' dir='ltr'><strong>liberis</strong></span> <span class='ocrx_word' id='word_1_368' title='bbox 1561 2581 1598 2608; x_wconf 81' lang='lat' dir='ltr'><strong>et</strong></span> <span class='ocrx_word' id='word_1_369' title='bbox 1622 2587 1701 2607; x_wconf 88' lang='lat' dir='ltr'><strong>mu-</strong></span> 
     </span>
     <span class='ocr_line' id='line_1_43' title="bbox 275 2622 1701 2667; baseline -0.002 -12"><span class='ocrx_word' id='word_1_370' title='bbox 275 2623 432 2660; x_wconf 82' lang='lat' dir='ltr'><strong>lieribus,</strong></span> <span class='ocrx_word' id='word_1_371' title='bbox 456 2626 582 2657; x_wconf 81' lang='lat' dir='ltr'><strong>misere</strong></span> <span class='ocrx_word' id='word_1_372' title='bbox 607 2625 790 2658; x_wconf 78' lang='lat' dir='ltr'><strong>evastavit.</strong></span> <span class='ocrx_word' id='word_1_373' title='bbox 846 2624 968 2657; x_wconf 87' lang='lat' dir='ltr'><strong>domos</strong></span> <span class='ocrx_word' id='word_1_374' title='bbox 1004 2623 1179 2667; x_wconf 82' lang='lat' dir='ltr'><strong>villasque</strong></span> <span class='ocrx_word' id='word_1_375' title='bbox 1210 2623 1385 2661; x_wconf 80' lang='lat' dir='ltr'><strong>incendit,</strong></span> <span class='ocrx_word' id='word_1_376' title='bbox 1411 2622 1612 2667; x_wconf 83' lang='lat' dir='ltr'><strong>ubicunque</strong></span> <span class='ocrx_word' id='word_1_377' title='bbox 1635 2631 1701 2664; x_wconf 82' lang='lat' dir='ltr'><strong>po-</strong></span> 
     </span>
     <span class='ocr_line' id='line_1_44' title="bbox 274 2665 1703 2714; baseline -0.003 -11"><span class='ocrx_word' id='word_1_378' title='bbox 274 2671 343 2703; x_wconf 80' lang='lat' dir='ltr'><strong>tuit</strong></span> <span class='ocrx_word' id='word_1_379' title='bbox 370 2671 484 2714; x_wconf 86' lang='lat' dir='ltr'><strong>ignem</strong></span> <span class='ocrx_word' id='word_1_380' title='bbox 510 2671 686 2703; x_wconf 85' lang='lat' dir='ltr'><strong>iniiciens.</strong></span> <span class='ocrx_word' id='word_1_381' title='bbox 745 2682 823 2704; x_wconf 87' lang='lat' dir='ltr'><strong>cum</strong></span> <span class='ocrx_word' id='word_1_382' title='bbox 849 2676 966 2704; x_wconf 78' lang='lat' dir='ltr'><strong>autem</strong></span> <span class='ocrx_word' id='word_1_383' title='bbox 989 2669 1131 2703; x_wconf 79' lang='lat' dir='ltr'><strong>caedem</strong></span> <span class='ocrx_word' id='word_1_384' title='bbox 1157 2670 1299 2703; x_wconf 43' lang='lat' dir='ltr'><strong>recinet</strong></span> <span class='ocrx_word' id='word_1_385' title='bbox 1323 2669 1521 2709; x_wconf 77' lang='lat' dir='ltr'><strong>maximam,</strong></span> <span class='ocrx_word' id='word_1_386' title='bbox 1559 2665 1703 2703; x_wconf 78' lang='lat' dir='ltr'><strong>tandem</strong></span> 
     </span>
     <span class='ocr_line' id='line_1_45' title="bbox 276 2717 752 2751; baseline 0.002 -3"><span class='ocrx_word' id='word_1_387' title='bbox 276 2727 433 2750; x_wconf 80' lang='lat' dir='ltr'><strong>reversus</strong></span> <span class='ocrx_word' id='word_1_388' title='bbox 459 2723 512 2750; x_wconf 79' lang='lat' dir='ltr'><strong>est</strong></span> <span class='ocrx_word' id='word_1_389' title='bbox 533 2717 572 2751; x_wconf 86' lang='lat' dir='ltr'><strong>iu</strong></span> <span class='ocrx_word' id='word_1_390' title='bbox 600 2717 752 2750; x_wconf 77' lang='lat' dir='ltr'><strong>Daciam.</strong></span> 
     </span>
    </p>
   </div>
  </div>
 </body>
</html>
