1748 3210
251 186 341 229 156
573 191 792 232 LAONlCi
834 192 1337 235 CHALCOCONDYLAE

244 274 360 329 ἐπῄει
388 279 695 334 συντεταγμένῳ
722 281 779 334 τῷ
805 278 1086 331 στρατεύματι
1113 281 1182 321 ἐπί
1215 281 1474 336 Παιαζήτην.
1503 284 1556 323 ου’
1577 285 1674 335 μέν·

204 347 302 378 cun
331 353 376 390 γε
405 339 647 392 ἐκυκλοῦτο,
675 342 778 383 α’λλὰ
825 343 965 383 ἐδίδου
995 343 1139 397 χώραν
1166 345 1352 397 α’πιέναι,
1387 347 1426 388 εἰ
1450 346 1672 401 βούλοιντο,

242 403 299 451 ὥς
326 402 376 445 ἂν
400 403 458 458 μή
489 405 758 459 κυκλούμενοι
786 409 907 462 σφῶν
937 407 1148 459 ἀμείνονες
1177 411 1384 462 γένοιντο,
1413 415 1509 467 περὶ
1531 414 1672 466 ψυχῆς

242 467 554 521 α’γωνιζόμενοι.
619 473 822 523 συνέβαλέ
861 487 902 512 τε
933 471 1034 513 κατὰ
1071 473 1114 513 τό
1145 476 1214 526 τῆς
1242 472 1444 528 Εὐρώπης
1471 475 1670 527 στράτευ-

239 549 312 584 μα,
339 537 412 574 καί
438 534 633 588 ἐμάχετο.
705 536 760 584 (ὃς
794 537 864 576 ἐπὶ
907 536 1009 577 πολύ
1049 539 1124 588 μὲν
1162 539 1232 591 τῆς
1269 536 1426 592 ἡμέρας
1455 539 1704 592 ἐμάχοντο,5

241 595 346 637 ὥστε
383 599 482 652 μηδ’
533 598 827 641 ἀναπαύεσθαι
868 599 979 653 ἔχειν
1028 602 1073 642 τό
1116 604 1364 656 Παιαζήτου
1416 603 1669 657 στράτευμα.

248 665 476 714 Τριβαλλοί
524 665 570 704 δὲ
615 665 798 706 ἐνταῦθα
840 660 990 718 ἄνδρες
1024 665 1232 719 γενόμενοι
1274 668 1430 720 ἀγαθοὶ
1469 669 1670 721 ἐμάχοντο

242 722 367 776 οἷξίως
396 727 533 780 λόγου,
563 731 635 770 καί
663 729 908 781 ἐμβαλόντες
936 733 978 778 ἐς
1001 730 1095 779 τούς
1130 733 1420 784 Τζαχατοῖϊδας
1449 731 1498 774 τά
1525 749 1567 775 τε
1596 733 1670 774 δό-

241 807 346 842 ρατα
373 795 590 848 κατέαξαν,
638 796 710 835 καί
751 794 1035 848 διηγωνίζοντο
1075 797 1350 848 ἐντεταμένως
1379 798 1566 850 ἐχόμενοι
1597 802 1670 839 τοῦ

241 855 376 908 ἔργου.
407 858 654 913 Παιαζήτης
683 860 729 899 δὲ
758 857 813 907 ὥς
842 857 954 912 ἐώρα
985 859 1030 900 τὸ
1063 863 1135 913 τῆς
1170 858 1371 915 Εὐρώπης
1402 863 1513 918 αὐτῷ
1541 861 1667 917 στρά-
1684 873 1726 905 10

240 936 372 972 τευμα
403 924 571 975 κινηθὲν
613 926 654 971 ἐς
682 919 822 974 πρόσω
853 923 924 964 καί
947 922 1211 979 μαχόμενον,
1252 927 1484 968 ἀνεκαλεῖτο
1522 931 1599 979 μὲν
1628 931 1670 968 ἐν

240 987 288 1039 τῇ
321 986 434 1042 ἀκμῇ
477 989 549 1040 τῆς
590 988 795 1042 Εὐρώπης
837 988 908 1028 τόν
938 989 1188 1042 στρατηγόν,
1223 989 1418 1044 ὀρρωδῶν
1445 993 1504 1045 μη
1534 1009 1669 1045 παρα-

195 1050 380 1104 ὓουρείς
406 1055 636 1106 κυκλωθείη
678 1053 748 1093 καὶ
778 1054 1018 1109 κινδυνεύσῃ
1048 1055 1337 1108 διαφθαρῆναι
1357 1091 1367 1109 ,
1394 1057 1671 1108 μετεπέμπετο

237 1116 280 1162 ἐς
307 1114 377 1156 τὸν
406 1118 545 1170 χαῖρον
576 1119 618 1165 ἐς
648 1117 695 1158 ὃν
725 1119 871 1170 ἵδρυτο
900 1118 976 1171 τὴν
1007 1118 1156 1172 α’ρχὴν.
1216 1120 1288 1160 καί
1313 1123 1456 1173 πρῶτα
1481 1124 1560 1172 μὲν
1589 1123 1670 1173 οὐχ

237 1177 469 1235 ὑπήκουσε,
508 1182 657 1230 δεδιώς
695 1181 740 1224 τὸ
792 1185 986 1236 πρᾶγμα·
1048 1183 1151 1234 μετὰ
1180 1185 1253 1236 δέ,
1283 1183 1338 1232 ὥς
1371 1187 1668 1240 ἐπιφερομένου
1686 1194 1725 1226 15

236 1245 350 1301 αὐτῷ
379 1248 454 1286 τοῦ
483 1249 687 1298 βασιλέως
715 1248 787 1288 καί
811 1250 1176 1302 βλασφημοῦντος,
1202 1248 1440 1290 ἀνεκαλεῖτο
1468 1250 1543 1302 τὴν
1574 1251 1670 1291 σύν-

235 1315 364 1361 ταξιν.
419 1309 603 1352 ἐνταῦθα
633 1311 670 1353 οἱ
709 1311 991 1364 Τζαχατάϊδες
1022 1311 1330 1360 ἐπεισπεσόντες
1357 1319 1439 1362 τοῖς
1472 1313 1670 1367 Τοόρκοις

234 1378 436 1418 ἐπέκειντο
467 1376 575 1416 πάνυ
599 1377 862 1430 φονεύοντες,
890 1379 932 1424 ἐς
958 1375 981 1416 ὃ
1007 1377 1055 1429 dr}
1088 1378 1129 1424 ἐς
1159 1376 1296 1432 φυγήν
1316 1380 1569 1432 κατέστησαν
1593 1379 1669 1419 αυ’-

235 1440 331 1489 τούς
360 1443 579 1494 τραπῆναι.
637 1442 820 1483 ἐνταῦθα
853 1442 908 1489 ὥς
936 1439 1124 1496 ὥρμηντο
1153 1444 1194 1491 ἐς
1223 1441 1373 1496 φυγήν,
1402 1445 1669 1491 ἐπικειμένων

236 1507 316 1547 τῶν
346 1507 550 1557 πολεμίων
589 1505 658 1547 καί
695 1506 738 1547 τὸ
779 1506 859 1546 α’πὸ
892 1510 966 1560 τῆς
995 1508 1138 1555 Ἀσίας
1184 1506 1423 1560 στράτευμα
1450 1509 1598 1548 αὐτίκα
1627 1511 1724 1557 ε’ς20

238 1570 374 1625 φυγήν
403 1567 582 1623 ὥρμητο.
639 1572 710 1611 καί
735 1572 880 1612 αὐτίκα
914 1571 933 1611 ὅ
963 1569 1211 1625 Παιαζήτης
1239 1571 1340 1613 ἰδών
1367 1574 1502 1613 ταῦτα
1529 1574 1667 1614 ου’κέτι

238 1638 454 1687 ἐνέμεινεν,
488 1637 578 1676 ἀλλ’
614 1638 684 1676 ἐπί
709 1636 832 1678 ἵππον
861 1635 1035 1690 θήλειαν
1067 1636 1226 1688 ἀναβάς
1254 1635 1403 1692 ἔφευγε
1436 1636 1537 1678 κατὰ
1566 1636 1666 1690 κρά-

131 1708 317 1748 Ρ.83τος.
374 1702 558 1742 ἐνταῦθα
598 1701 654 1748 ὥς
690 1699 887 1755 πρότερον
923 1700 1112 1755 κηρυγμα
1157 1703 1432 1756 πεποιημένου
1470 1700 1667 1757 Τεμὴρεω

238 1869 490 1901 circumvenire
519 1868 722 1908 statuebat,
749 1868 945 1902 concedens
971 1869 1056 1913 ipsis
1083 1869 1261 1908 abeundi,
1300 1870 1326 1901 si
1356 1870 1512 1909 veilent,
1538 1870 1664 1910 locum,

237 1926 283 1947 ne
312 1915 448 1947 scilicet
472 1915 698 1948 circumventi
723 1915 766 1947 ab
794 1916 887 1947 omni
917 1922 1015 1959 parte
1042 1926 1085 1947 ex
1107 1915 1367 1960 desperatione,
1395 1916 1494 1960 quasi
1522 1916 1662 1957 inclusi,

237 1961 373 1994 animos
400 1967 589 2000 sumerent,
615 1967 651 1994 et
675 1962 784 1994 acrius
810 1972 872 2005 pro
899 1962 1013 1994 salute
1046 1961 1176 1994 deinde
1202 1967 1375 1995 certantes
1402 1962 1579 1994 victoriam
1607 1963 1663 1995 in·

235 2007 410 2040 venirent.
459 2007 572 2052 primo
601 2018 778 2051 aggressus
805 2013 857 2040 est
880 2007 1042 2051 Europae
1068 2009 1272 2040 exercitum.
1328 2013 1367 2040 ut
1395 2013 1512 2040 autem
1542 2019 1661 2052 pugna

236 2052 282 2085 ad
309 2054 458 2086 multum
493 2053 564 2086 diei
600 2059 653 2086 est
687 2059 862 2093 extracta,
899 2064 1016 2098 neque
1044 2054 1201 2098 quietem
1234 2066 1253 2085 a
1278 2045 1468 2098 pugnando
1502 2054 1661 2086 Paiazitis

237 2099 368 2132 milites
393 2098 591 2139 haberent,
626 2099 677 2132 ibi
702 2099 852 2132 'Iriballi
879 2100 1048 2143 pristinae
1085 2110 1170 2132 suae
1198 2100 1336 2131 virtutis
1361 2110 1533 2132 memores
1560 2111 1661 2143 prae-

237 2145 325 2178 lium
362 2145 506 2178 ciebant
534 2156 655 2188 magna
692 2156 769 2178 cum
805 2145 1012 2178 fortitudine
1049 2150 1084 2177 et
1110 2145 1236 2189 gloria;
1266 2146 1508 2190 impetumque
1539 2145 1663 2179 dantes

239 2192 276 2224 in
307 2191 557 2224 Tzachataidas
589 2191 708 2225 hastas
747 2190 988 2235 infregerunt,
1026 2202 1147 2234 magna
1183 2203 1260 2223 cum
1299 2191 1522 2223 vehementia
1558 2203 1663 2236 prae-

239 2238 288 2270 lio
328 2237 581 2271 incumbentes.
650 2238 819 2270 Paiazites
866 2242 904 2270 ut
950 2238 1170 2281 conspicatus
1213 2242 1266 2270 est
1299 2237 1520 2282 Europaeum
1564 2249 1664 2270 exer·

238 2284 345 2316 citum
380 2284 518 2328 longius
554 2295 573 2316 a
614 2295 650 2316 se
688 2289 847 2316 evectum
873 2283 1039 2327 cupidine
1064 2294 1226 2327 pugnae,
1264 2283 1361 2316 illico
1401 2283 1524 2315 ducem
1550 2284 1663 2316 Euro-

239 2330 320 2374 paei
359 2331 531 2363 exercitus
568 2335 729 2370 revocat,
770 2330 896 2363 timens
925 2341 982 2368 ne,
1018 2330 1046 2360 si
1086 2330 1160 2362 eius
1189 2330 1361 2362 exercitus
1399 2335 1492 2362 esset
1522 2330 1662 2373 longius

239 2387 258 2408 a
284 2381 404 2409 monte
441 2376 646 2416 submotus,
679 2377 754 2420 ipse
797 2374 840 2407 ab
874 2375 1034 2408 hostibus
1069 2374 1388 2408 circumduceretur
1420 2381 1456 2408 et
1497 2376 1534 2408 in
1567 2377 1663 2420 peri-

240 2422 357 2454 culum
382 2423 475 2456 vitae
501 2423 646 2456 veniret.
698 2420 847 2454 iubebat
878 2422 984 2464 igitur
1017 2433 1095 2454 eum
1121 2421 1256 2465 regredi
1292 2422 1330 2454 in
1354 2432 1432 2454 eum
1459 2421 1576 2454 locum
1601 2421 1660 2454 ubi

239 2468 283 2500 ab
313 2469 415 2500 initio
450 2469 642 2502 collocatus
677 2474 763 2500 erat.
818 2472 854 2500 at
893 2467 965 2500 dux
998 2468 1110 2511 primo
1144 2478 1367 2512 nequaquam
1393 2467 1487 2500 dicto
1514 2467 1661 2500 audiens

242 2515 320 2553 fuit,
349 2516 479 2547 veritus
503 2526 572 2548 rem
601 2525 691 2559 quae
717 2514 916 2558 parabatur.
965 2513 1093 2546 deinde
1110 2525 1186 2545 cum
1216 2525 1275 2546 rex
1297 2514 1487 2547 violentius
1512 2514 1661 2546 saeviret

240 2571 305 2592 nec
333 2561 496 2594 convitiis
521 2561 725 2600 abstineret,
750 2560 878 2605 paruit,
902 2560 1066 2604 aciesque
1093 2565 1255 2593 revocata
1281 2565 1344 2592 est.
1393 2559 1443 2592 ibi
1473 2565 1546 2592 tum
1571 2560 1660 2592 Tza-

239 2605 420 2639 chataides
461 2608 588 2640 acriter
623 2608 794 2640 instantes
819 2605 1027 2639 occidebant
1053 2605 1187 2638 Turcos
1217 2606 1400 2649 plurimos,
1426 2605 1540 2639 donec
1563 2610 1659 2648 terga

240 2651 374 2684 darent.
437 2654 495 2697 qui
521 2665 596 2686 cum
624 2653 784 2697 fugerent
818 2651 1111 2697 persequentibus
1136 2651 1319 2691 hostibus,
1353 2652 1460 2685 etiam
1485 2651 1659 2684 exercitus

241 2698 388 2731 Asianus
414 2697 509 2731 haud
533 2700 655 2741 stetit,
693 2710 812 2733 verum
843 2699 1010 2732 continuo
1047 2699 1162 2742 sugam
1203 2698 1362 2743 arripuit.
1412 2698 1577 2730 Paiazites
1607 2697 1658 2730 vi-
