1858 3210
477 164 549 202 DE
578 162 751 202 REBUS
790 158 1042 201 TURClClS
1083 160 1225 199 L.V1.
1493 150 1591 196 327

130 265 194 307 32³
225 261 360 305 αὐτὸν
401 260 486 303 ἀπὸ
529 263 613 303 τῶν
653 255 795 313 ἄκρων
840 256 1155 312 ἀμυνούμενος,
1195 256 1464 311 διεκαρτέρει.
1524 258 1595 296 καί

130 328 407 384 ὢτρεσβειὶετο
454 325 557 380 πρὸς
582 325 656 368 τόν
675 323 943 378 Ἀμουράτην
960 355 974 376 ,
1016 321 1307 377 ὑποσχόμενος
1352 322 1519 364 διδόναι
1547 335 1594 362 τε

130 393 328 451 ὁμήρους,
356 397 431 437 κατ’
456 392 531 436 τόν
558 394 693 434 παῖδα
719 392 763 440 ἐς
788 388 867 439 τὰς
894 387 1034 444 θύρας
1062 390 1200 430 αι”τοῦ
1230 390 1495 443 ἐπιπέμπειν,
1525 385 1599 429 καὶ

132 461 267 518 φόρον
309 459 489 515 α’ποὶγειν
530 461 604 502 τοῦ
646 457 765 507 ἔτους
805 454 1027 498 διπλάσιον
1068 450 1118 496 οὗ
1158 455 1346 510 α’πέφερε
1373 451 1644 509 πρότερον.1)

99 529 267 570 enirm
308 525 359 582 δὴ
394 522 470 568 οὖν
507 526 796 578 προτείνοντος
843 525 922 564 τοῦ
953 518 1252 576 Καραμάνου,
1295 520 1368 562 καί
1397 521 1599 573 δεομένου

131 595 391 636 univoco-90⁶2
423 592 559 634 αὐτοῦ
587 592 648 648 τῷ
672 593 856 644 βασιλεῖ’,
883 591 1085 644 ἐνταῦθαι
1102 588 1279 644 ἀφίκετο
1309 587 1482 641 ἄγγελιά
1515 604 1601 628 πα-

133 658 190 712 pri
216 659 296 701 τοῦ
317 660 567 715 Τριβαλλῶν
593 655 795 712 ἡγεμόνος
819 654 878 706 ὥς
907 655 945 697 οἱ
963 656 1150 704 Παίονες
1179 651 1477 702 ἐπελαύνοντες
1506 655 1600 695 dta-

132 723 329 779 βαίνουσι
359 723 429 767 τὸν
445 720 620 779 Ἴστρον.
695 723 770 764 καί
804 722 898 764 τότε
929 720 981 776 δὴ
1010 719 1112 768 τούς
1156 721 1303 774 λόγους
1328 721 1497 773 ἐδέχετο
1527 722 1604 761 τοῦ

135 789 402 844 Καραμάνου
431 793 505 832 καί
531 787 715 838 σπονδὰς
743 790 934 841 ἐποιεῖτο,
964 786 1107 840 λαβών
1137 787 1182 828 δὲ
1214 785 1402 840 ὁμήρους
1432 788 1506 826 καί
1530 786 1602 828 τὸν

78 866 124 901 10
136 858 270 898 παῖδα
297 855 434 899 αὐτοῦ
462 853 651 911 α’πὴγαγε
689 854 763 896 τόν
788 852 982 907 στρατόν.
1048 852 1120 894 τὸν
1145 855 1224 905 μὲν
1256 847 1332 893 οὖν
1356 851 1602 905 Ἑλλήσπον-

132 938 206 967 τον
235 919 497 970 ἐπυνθάνετο
526 922 782 975 κατέχεσθαι
825 918 910 961 ὑπὸ
940 921 1021 961 τῶν
1047 921 1155 960 νεῶν
1183 920 1266 960 ταῖν
1290 914 1503 960 Ἰταλικῶν
1531 918 1606 960 καί

132 986 352 1044 ἑσπερίων.
421 989 606 1030 ἐνταῦθα
647 988 693 1029 ἐν
741 985 886 1044 α’πόρῳ
919 985 1121 1039 ἐχόμενος
1170 981 1194 1025 ὅ
1222 1000 1261 1027 τι
1301 986 1515 1039 χρήσαιτο
1543 986 1604 1042 τῷ

131 1051 318 1114 παρόν-εί
342 1055 386 1104 ἐς
415 1055 644 1106 διάβασιν,
673 1054 745 1096 τὸν
774 1052 959 1108 στρατόν
996 1049 1110 1105 ὅμως
1140 1046 1214 1106 ἥγε
1238 1052 1404 1108 σπουδῇ
1435 1052 1506 1093 ε’πί
1528 1049 1600 1093 τόν
1616 1061 1652 1095 Ρ.
1670 1061 1743 1096 173

122 1118 441 1175 Ἑλλήσποντον,
470 1119 527 1169 ὥς
548 1119 622 1170 τάς
638 1136 685 1162 τε
713 1120 913 1175 τριήρεις,
942 1117 993 1173 ἢν
1022 1119 1297 1161 ἐπεπλέουσαι
1316 1117 1602 1171 διανωλῦωσι,

79 1191 219 1235 15τοῖς
243 1184 482 1242 τηλεβόλοις
510 1187 833 1240 α’πελασόμενος.
903 1184 994 1229 ἔστι
1034 1187 1117 1240 γὰρ
1146 1187 1269 1227 τοῦτο
1294 1186 1369 1238 τῆς
1399 1187 1603 1237 Προπον-

133 1254 244 1302 τίδος
274 1253 537 1294 στενώτατον
569 1254 785 1306 ἐπιεικῶς,
833 1254 907 1294 καί
935 1252 1092 1306 πύργος
1130 1250 1290 1293 ἔνεστιν
1323 1253 1368 1293 ἐν
1405 1253 1457 1308 τῇ
1480 1251 1604 1309 Ἀσίᾳ

131 1317 258 1374 ’ἱερὸν
284 1315 663 1370 καλούμενος-,ὥστε
691 1321 894 1373 μηδαμοῦ
936 1316 1111 1373 ἑτέρωθι
1156 1320 1198 1366 ἐς
1228 1320 1428 1360 τοσοῦτον
1460 1316 1602 1371 βραχὺ

135 1387 318 1436 ξυνιέναι
345 1385 402 1426 τώ
432 1386 592 1438 η’πείρω
625 1386 864 1439 διαστῆσαι.
924 1386 1111 1426 ἐνταῦθα
1134 1382 1190 1433 (ὃς
1218 1385 1345 1438 ἐπῆγε
1372 1382 1440 1424 τόν
1469 1399 1604 1438 στρα-

135 1450 207 1492 τὸν
235 1450 554 1505 διαβησόμενος,
582 1450 654 1492 τὸν
682 1453 756 1504 τῆς
786 1450 995 1506 Εὐρώπης
1012 1466 1057 1492 τε
1081 1452 1154 1492 καί
1177 1449 1387 1502 Ἀσιανὸν,
1418 1448 1496 1498 τοὶς
1525 1452 1604 1502 μὲν

79 1517 319 1572 Ωθτριήρεις
371 1517 511 1558 οὐκέτι
554 1519 784 1570 κατέλαβεν
825 1518 1042 1559 ἐνταῦθα·
1110 1513 1259 1569 ἄνεμοι
1301 1517 1382 1571 γάρ
1432 1515 1607 1570 ἰσχυροὶ

136 1579 247 1624 πάνυ
287 1581 365 1624 οὔκ
393 1581 491 1625 εἴων
530 1582 606 1632 τάς
650 1584 835 1639 τριήρεις
878 1585 920 1633 ἐς
946 1581 1022 1638 τὴν
1055 1585 1332 1639 Προποντίδα
1379 1583 1600 1638 εἰσπλέειν,

230 1688 262 1721 1.
287 1683 414 1737 αὐτὸν]
437 1686 551 1726 αὐτὸν
575 1689 634 1738 ζηῗ
759 1689 814 1724 18.
843 1690 893 1737 τῷ
918 1689 1062 1739 ἠπείρῳ
1087 1691 1112 1724 P

139 1796 215 1818 rum
241 1786 454 1831 pecorisque
479 1786 629 1832 praedas
655 1798 775 1832 agens,
805 1787 909 1821 Conii
944 1799 1058 1822 arcem
1085 1787 1276 1821 obsidione
1301 1787 1441 1833 pressit.
1493 1786 1600 1820 Cara-

138 1843 264 1866 manus
291 1832 336 1866 ad
360 1829 500 1868 montes
526 1834 681 1878 regionis
707 1835 918 1879 confugiens
943 1835 994 1868 ibi
1016 1835 1238 1875 morabatur,
1259 1834 1455 1875 volens,‚si
1486 1835 1599 1868 hostis

139 1879 339 1921 accederet,
366 1891 448 1913 eum
474 1881 617 1914 fortiter
645 1882 831 1927 repellere.
880 1881 1026 1915 tandem
1055 1883 1271 1926 legationem
1300 1882 1397 1914 misit
1421 1881 1465 1914 ad
1490 1883 1599 1914 Amu-

140 1931 266 1967 ratem,
290 1928 503 1972 promittens
529 1928 674 1962 obsides
697 1940 839 1962 necnon
864 1930 977 1962 filium
1003 1941 1104 1962 suum
1121 1954 1132 1970 ,
1160 1940 1268 1974 quem
1293 1929 1330 1962 in
1357 1929 1480 1962 ianuas
1508 1929 1598 1972 regis

139 1973 283 2007 mittere
307 1974 432 2008 vellet.
483 1974 640 2008 addebat
663 1987 700 2009 se
727 1976 839 2021 duplo
864 1978 979 2009 maius
995 1988 1101 2022 quam
1127 1976 1301 2010 hactenus
1324 1977 1397 2019 regi
1424 1975 1599 2009 tributum

141 2021 336 2065 quotannis
374 2022 652 2067 persoluturum.
707 2022 923 2057 Caramanus
958 2035 1038 2057 cum
1073 2023 1130 2056 his
1170 2023 1448 2057 condicionibus
1474 2033 1601 2067 pacem

140 2073 294 2112 peteret,
322 2068 414 2101 forte
441 2068 588 2102 advenit
612 2069 658 2103 ad
689 2081 804 2114 regem
829 2071 982 2104 nuntius
1012 2070 1056 2104 ab
1073 2070 1316 2105 Triballorum
1343 2071 1434 2103 duce
1461 2071 1600 2110 missus,

142 2114 301 2148 reserens
326 2115 515 2149 Pannones
555 2123 792 2161 transgressos
827 2129 904 2151 esse
929 2119 1070 2151 lstrum.
1123 2118 1193 2151 hoc
1217 2118 1329 2162 igitur
1353 2118 1483 2150 nuntio
1509 2128 1601 2150 nou-

140 2161 235 2194 nihil
259 2163 406 2196 territus
430 2164 646 2208 petitionem
662 2164 848 2198 Car-amani
875 2165 1019 2199 admisit
1039 2171 1076 2199 et
1101 2176 1180 2198 cum
1196 2176 1239 2198 eo
1266 2164 1393 2198 foedus
1419 2165 1512 2204 iniit,
1540 2175 1600 2196 ac-

141 2209 328 2255 ceptisque
353 2209 542 2243 obsidibus
574 2218 610 2244 et
637 2212 714 2244 filio
743 2212 937 2246 exercitum
958 2212 1121 2246 abduxit.
1172 2224 1250 2245 cum
1272 2212 1496 2256 intelligeret
1512 2211 1600 2243 Hel-

141 2255 345 2299 lespontum
374 2257 490 2290 teneri
517 2257 561 2290 ab
586 2258 737 2292 navibus
753 2259 926 2293 Italorum
952 2265 988 2294 et
1011 2259 1312 2299 occidentalium,
1337 2259 1464 2291 anxius
1491 2258 1600 2291 animi

142 2308 230 2342 erat,
253 2313 333 2336 cum
359 2302 455 2337 haud
481 2305 567 2338 satis
591 2311 772 2340 constaret
795 2318 867 2351 quo
901 2312 1007 2352 pacto
1047 2307 1084 2340 in
1111 2307 1396 2353 praesentiarum
1421 2306 1459 2338 in
1487 2306 1600 2338 Euro-

142 2359 222 2393 pam
246 2349 427 2383 transvehi
451 2357 583 2397 posset.
633 2364 700 2386 nec
724 2358 844 2386 tamen
869 2355 1063 2388 exercitum
1079 2379 1088 2394 ,
1116 2364 1252 2388 summa
1280 2353 1465 2386 celeritate
1493 2351 1599 2384 adhi-

142 2395 231 2436 bita,
256 2396 301 2429 ad
327 2397 602 2444 Hellespontum
624 2399 755 2434 ducere
782 2401 914 2442 omisit,
940 2406 979 2434 ut
1003 2413 1111 2434 naves
1149 2402 1320 2440 hostium,
1350 2400 1377 2432 si
1405 2399 1599 2442 adnaviga-

142 2448 236 2484 rent,
260 2442 467 2478 hombardis
495 2451 531 2479 et
558 2447 707 2492 reliquis
730 2449 921 2481 tormentis
957 2448 1130 2492 abigeret.
1182 2452 1235 2480 est
1258 2453 1377 2479 autem
1407 2448 1476 2479 iste
1501 2447 1600 2479 locus

142 2489 370 2535 Propontidis
396 2494 690 2537 angustissimns3
730 2501 766 2528 et
793 2496 899 2529 turris
923 2495 982 2528 isti
1011 2502 1065 2528 est
1089 2495 1125 2527 in
1152 2495 1269 2528 Asiam
1297 2493 1478 2533 recedens,
1507 2505 1602 2539 qnae

142 2537 248 2569 Sacra
273 2538 493 2580 nominatur,
521 2546 559 2573 ut
583 2547 714 2574 neutro
740 2542 791 2574 sic
817 2547 931 2582 coeat,
958 2547 998 2574 ut
1025 2542 1071 2574 ab
1096 2542 1307 2574 continente
1333 2540 1599 2574 submoveatur.

141 2595 220 2616 cum
248 2585 356 2628 igitur
382 2584 452 2618 huc
475 2588 656 2627 venisset,
695 2589 731 2621 in
757 2590 878 2621 animo
904 2589 1041 2633 agitans
1070 2589 1234 2633 Europae
1273 2593 1309 2620 et
1334 2588 1437 2621 Asiae
1466 2588 1602 2621 exerci-

141 2636 218 2664 tum
244 2631 282 2664 in
307 2631 484 2677 Europam
526 2635 767 2668 transmittere
787 2660 796 2675 ‚
837 2636 1000 2668 triremes
1032 2647 1106 2668 non
1144 2635 1297 2680 amplius
1323 2635 1471 2681 iuvenit7
1521 2646 1602 2668 nam

141 2683 294 2718 ventus,
337 2679 400 2724 qui
442 2685 586 2714 coortus
611 2686 690 2714 erat
713 2682 907 2715 admodum
948 2681 1112 2721 validus,
1145 2681 1242 2714 haud
1270 2682 1406 2715 fluebat
1431 2693 1539 2715 naves
1566 2683 1604 2715 in

142 2724 364 2771 Propontida
390 2727 563 2771 navigare.
592 2728 620 2761 is
648 2734 776 2762 ventus
793 2730 915 2763 multis
942 2730 1102 2774 regnavit
1132 2727 1271 2771 diebus,
1297 2740 1363 2762 nec
1390 2740 1498 2763 naves
1528 2730 1604 2762 ullo
