1858 3210
507 172 580 211 DE
613 171 786 212 niseus
823 170 1076 214 ‘runcinis
1115 175 1163 214 L.
1190 176 1307 214 vm.
1526 166 1621 216 401

161 269 277 328 αὕῐῷ
305 284 352 311 τε
383 270 656 324 ἐπιτρέπουσι
687 272 828 326 σφᾶς,
860 271 1077 322 ἀξιοῦντες
1105 274 1335 315 πείθεσθαι
1367 274 1446 315 τοῦ
1475 275 1629 314 λοιποῦ

159 333 276 392 mitrii
304 331 330 376 δ’
357 352 398 377 τι
431 331 484 377 ἄν
513 334 690 379 κελεύοι.
759 336 850 378 τότε
892 338 973 389 μὲν
1009 333 1086 379 οὖν
1127 337 1200 380 τὸν
1237 338 1434 392 Ζάγανον
1468 338 1630 391 ἔπεμπε

158 399 520 457 παραληψόμενόν
558 417 602 444 τε
631 401 705 457 τὴν
734 403 857 444 πόλιν
890 405 962 444 καί
986 405 1140 458 μηδενί
1170 402 1450 458 ἐπιτρέψοντα
1483 408 1628 459 ἐσβαί-

157 484 245 511 νειν
273 467 316 517 ἐς
344 469 422 518 τοὶς
449 471 565 517 ναῦς.
623 468 662 511 οἱ
688 472 767 522 ’μὲν
800 465 875 510 οὖν
891 471 1150 511 Γαλατιανοί
1177 471 1232 518 ὥς
1261 467 1376 513 εἶδον
1399 472 1477 522 τὰς
1506 471 1630 528 τριή-

63 584 65 586 v
122 539 246 590 ὀρεις
270 534 342 576 ἐπὶ
366 535 443 589 τὴν
483 534 607 576 πόλιν
648 537 771 590 σφῶν
799 533 1082 590 ὡρμημένας,
1128 537 1319 578 ἐνταῦθα
1360 537 1410 591 δὴ
1447 535 1683 595 ἅπαντεςγ.
1699 559 1765 593 105

157 602 348 643 πασσυδί
376 598 570 657 ιδ’ρμηντο
601 600 672 643 ἐπὶ
698 600 774 650 τὰς
803 603 935 650 ναῦς·
993 600 1032 644 οἱ
1062 604 1108 643 δὲ
1141 604 1321 657 Τοῧρκοι
1350 606 1520 658 ἐπεῖχον
1548 606 1628 647 αὔ-

156 665 283 723 wig,
312 670 387 709 καί
420 683 536 717 τινας
577 668 718 709 αὐτῶν
758 667 1035 722 διεχρήσαντο
1080 670 1377 720 δεδιττόμενοι,
1451 674 1544 714 ἐπεί
1583 675 1674 720 δἐι)

158 733 333 790 ἄφίκετο
363 732 584 786 Ζάγανος,
623 732 767 776 εἰσιών
799 735 842 783 ἐς
880 733 953 788 τήν
982 734 1105 776 πόλιν
1133 738 1316 778 καθίστα
1347 753 1391 778 τε
1420 737 1470 778 τὰ
1500 737 1544 779 ἐν
1578 742 1632 793 τῇ

157 801 290 854 πόλει,
321 801 394 840 καί
422 794 611 853 ἄρχοντα
633 801 830 854 ἐπέστησε
861 802 939 840 τοῦ
956 802 1182 852 βασιλέως.
1243 799 1352 844 ὥστε
1383 805 1461 860 μιᾷ
1493 804 1630 860 ἡμέρᾳ

102 865 278 908 ίθδυοΐν
306 864 469 906 πόλεων
513 862 659 920 κύριος
695 865 915 919 γενόμενος
956 868 1029 920 τὴν
1054 867 1133 915 μὲν
1163 868 1528 923 ἠνδραποδίσατο,
1556 869 1632 923 τήν

156 932 195 972 δ’
223 925 282 972 αὖ
311 929 572 984 παραλαβών
599 930 651 972 τοὶ
686 931 793 973 κατὰ
819 931 892 987 τήν
922 927 1096 986 ἤπειρον
1122 935 1242 988 τείχη
1271 938 1498 988 καθαιρεῖν
1529 935 1631 984 τούς

154 998 418 1044 ἐνοικοῦντας
443 999 708 1051 προσέταξεν.
768 999 901 1039 ἐποίει
932 1000 979 1039 δὲ
1005 1001 1138 1052 τοῦτο,
1169 999 1226 1046 ὥς
1252 996 1305 1040 ἂν
1324 1000 1384 1055 μὴ
1409 1002 1513 1042 νεῶν
1544 1001 1627 1042 α’πό

34 1070 49 1098 ἒ
148 1063 331 1112 Ἰταλίας
361 1064 686 1119 α’φικνουμένων
721 1063 955 1105 α’πόστασίν
982 1079 1027 1105 τε
1058 1064 1346 1119 βουλεύοιντο,
1376 1069 1630 1124 καθῃρημέ-

152 1145 235 1170 νων
261 1130 347 1170 τῶν
377 1132 530 1182 τειχῶν
559 1131 631 1184 τῆς
660 1125 852 1183 ἠπείρου,
883 1133 956 1171 καί
981 1131 1037 1187 τῷ
1055 1134 1230 1183 βασιλεῖ
1257 1133 1437 1181 ἐσαῦθις
1457 1130 1506 1187 ἢν
1534 1135 1630 1190 ἐπίῃ

45 1219 48 1223 ·
98 1193 346 1247 15πόλεμος,
377 1193 568 1252 κατάσχῃ
599 1194 725 1237 ἐσιών
754 1198 797 1244 ἐς
828 1195 903 1250 τὴν
937 1196 1071 1237 πόλιν.

255 1260 462 1316 Ἑλλήνων
482 1263 559 1313 μὲν
579 1257 654 1303 οὖν
683 1260 774 1303 ὅσοι
797 1262 856 1316 μὴ
888 1261 1116 1315 ἀπώλοντο,
1138 1261 1315 1313 τούτους
1339 1265 1629 1319 ἀπαγαγόντες

150 1327 195 1376 ἐς
210 1325 286 1381 τὴν
308 1328 528 1384 Γαλατίην,
549 1326 651 1376 τούς
676 1331 895 1383 ἐπιφανεῖς
923 1328 1108 1380 μάλιστα
1137 1325 1293 1370 αὐτῶν,
1315 1333 1389 1372 καί
1407 1327 1526 1372 ἄλλοι
1547 1334 1627 1384 μὲν

150 1389 283 1442 οὕτως
320 1397 654 1449 ἐλευθεροῦντο·
734 1397 935 1447 Νοταρᾶν
973 1396 1019 1437 δὲ
1058 1394 1131 1436 τὸν
1170 1400 1380 1448 βασιλέως
1418 1397 1754 1453 Ἑλλήνωνμρω

149 1459 356 1516 πρύτανιν
386 1460 516 1510 αὐτός
544 1478 588 1504 τε
621 1459 642 1503 ὅ
671 1460 876 1512 βασιλεύς
906 1461 1218 1517 ἐξωνησάμενος
1247 1467 1320 1506 καί
1346 1471 1523 1518 γυναῖκα
1552 1467 1627 1509 καί
1700 1456 1719 1467 ’

91 1529 330 1580 2οπαἴδας,
376 1527 450 1570 καὶ
487 1530 757 1583 χρηματίσας
798 1522 913 1584 αὐτῷ
953 1523 1062 1568 ἅττα
1090 1526 1289 1583 ἠβούλετο
1318 1533 1510 1572 συνιέναι
1537 1535 1622 1574 ταῖν

148 1591 316 1648 ἑαυτοῦ,
342 1594 417 1636 καί
442 1593 495 1636 τά
540 1596 614 1648 τῆς
642 1594 818 1641 Ἰταλίας
867 1591 948 1635 ὅσα
977 1589 1072 1650 ᾔδει
1111 1595 1391 1649 προσδόκιμα,
1423 1596 1545 1649 ἐτίμα
1575 1614 1620 1639 τε

147 1661 222 1703 καί
249 1663 489 1716 συνεγένετο
515 1661 668 1716 χρόνον
695 1659 800 1702 τινά.
859 1662 933 1701 καί
953 1658 1155 1715 Ἑλλήνων
1186 1657 1277 1703 ὅσοι
1305 1662 1616 1718 ἠλευθέρωντο,

146 1865 225 1900 gem
252 1865 363 1902 seque
389 1854 587 1900 urbemque
614 1859 650 1887 et
672 1855 765 1887 cives
793 1854 867 1886 eins
895 1852 978 1886 fidei
1005 1854 1195 1894 commisit,
1222 1854 1460 1899 promisitque
1487 1856 1523 1889 in
1545 1868 1613 1902 po-

146 1909 280 1936 sterum
306 1915 343 1936 se
370 1914 525 1948 suosque
552 1901 709 1935 fideliter
734 1906 771 1934 et
802 1900 1019 1933 obedienter
1047 1900 1114 1933 sub
1141 1902 1219 1945 ipso
1246 1902 1335 1934 fore.
1388 1910 1610 1948 quapropter

145 1962 208 1984 rex
232 1951 329 1984 misit
352 1951 539 1994 Zaganum,
568 1955 607 1982 ut
631 1948 757 1981 urbem
792 1949 830 1981 in
857 1947 961 1980 fidem
1001 1948 1181 1992 acciperet
1206 1953 1242 1980 et
1268 1949 1362 1981 nulli
1390 1950 1607 1985 concederet

145 1998 279 2031 intrare
304 2009 424 2031 naves.
482 2007 604 2029 verum
641 1997 717 2028 eius
743 1995 839 2027 urbis
866 1996 977 2034 cives,
1013 1994 1073 2026 ubi
1101 1995 1276 2028 vidissent
1302 1997 1464 2030 triremes
1494 1999 1606 2042 regias

145 2044 328 2085 accedere,
354 2055 479 2078 omues
504 2055 576 2076 uno
602 2043 740 2088 impetu
770 2047 806 2075 et
833 2042 1024 2075 confertim
1049 2048 1248 2087 coeperunt
1270 2042 1404 2076 irruere
1424 2045 1462 2076 in
1488 2056 1610 2078 naves.

144 2097 182 2126 at
193 2092 303 2126 Turci
327 2091 535 2126 retinebant
554 2101 626 2131 eos,
652 2095 690 2123 et
718 2095 758 2123 ut
782 2090 930 2122 caeteris
948 2094 1082 2122 metum
1107 2090 1308 2130 iniicerent,
1335 2091 1507 2136 quosdam
1535 2098 1612 2125 tru-

143 2139 319 2173 cidarunt.
345 2141 501 2184 Zaganus
520 2149 598 2171 cum
614 2137 828 2177 advenisset,
847 2135 974 2169 urbem
995 2137 1172 2180 ingressus
1193 2143 1263 2178 estq
1286 2142 1322 2170 et
1337 2149 1407 2170 rem
1428 2139 1609 2183 publicam

142 2187 325 2228 ordinans,
349 2188 485 2230 regium
511 2185 735 2230 praefectum
764 2184 844 2216 urbi
872 2183 1059 2228 praefecit.
1120 2196 1191 2217 uno
1220 2186 1344 2230 itaque
1371 2185 1429 2218 die
1458 2186 1609 2219 duarum

141 2235 284 2268 urbium
310 2235 447 2280 potitus
474 2239 540 2266 est.
601 2233 751 2265 alteram
786 2231 893 2264 foede
930 2230 1101 2276 diripuit,
1135 2232 1283 2264 alteram
1323 2233 1359 2264 in
1390 2232 1495 2266 fidem
1530 2246 1608 2267 sus-

139 2283 259 2327 cepit3
280 2282 430 2327 eiusque
455 2281 593 2314 incolas
618 2290 751 2319 muros,
780 2279 841 2325 qui
881 2279 1127 2312 continentem
1157 2285 1334 2324 spectant,
1362 2279 1506 2313 diruere
1531 2282 1608 2314 ius-

139 2329 197 2363 sit.
247 2328 286 2361 id
313 2334 432 2362 autem
457 2340 498 2361 ea
535 2328 646 2371 gratia
680 2326 942 2370 imperabatur,
976 2337 1021 2358 ne
1045 2327 1076 2358 si
1112 2338 1219 2358 naves
1252 2326 1295 2358 ab
1324 2327 1428 2359 Italia
1455 2328 1607 2362 adveni-

140 2381 220 2410 rent
238 2402 247 2416 ‚
275 2375 322 2408 ad
355 2376 602 2409 defectionem
629 2373 919 2420 propendereut3
959 2384 1064 2418 quam
1104 2374 1194 2405 muri
1220 2373 1391 2407 destructi
1417 2375 1602 2409 vetabant.

138 2433 308 2469 praeerea
346 2428 386 2456 ut
422 2434 463 2456 ea
501 2422 607 2463 urbs,
646 2422 675 2454 si
716 2421 835 2454 denuo
871 2422 1054 2465 ingrueret
1087 2420 1244 2461 bellum,
1282 2421 1354 2465 regi
1392 2422 1604 2456 advenienti

137 2474 292 2517 pateret.

228 2517 356 2550 Graeci
395 2521 577 2562 quotquot
605 2516 755 2549 exitium
790 2519 997 2553 evaserant,
1035 2514 1309 2546 abducebantur
1350 2514 1541 2555 Galatiam,
1569 2523 1606 2550 et

138 2563 344 2598 libertatem
371 2564 606 2609 recipiebant.
667 2563 703 2595 hi
733 2567 834 2594 erant
868 2562 934 2594 viri
960 2572 1044 2606 prae
1073 2562 1223 2594 caeteris
1250 2562 1402 2593 maxime
1431 2563 1602 2597 illustres.

137 2611 306 2645 Notaram
336 2611 425 2655 regis
460 2611 677 2644 Graecorum
713 2610 920 2654 primarium
959 2608 1112 2640 iudicem
1149 2620 1227 2640 cum
1266 2620 1374 2641 uxore
1414 2614 1451 2642 et
1479 2610 1603 2644 liberis

137 2657 290 2692 redemit
314 2659 511 2691 Turcorum
538 2669 620 2702 rex3
646 2663 682 2691 et
709 2668 787 2690 cum
814 2668 856 2689 eo
882 2656 1098 2695 collocutus,
1124 2656 1288 2699 permisit
1313 2655 1346 2687 ei
1373 2660 1413 2688 ut
1437 2656 1495 2689 ubi
1522 2659 1604 2691 vel-

137 2705 191 2738 let
213 2717 292 2738 cum
310 2706 382 2738 suis
407 2705 599 2737 habitaret.
626 2704 686 2737 hic
710 2710 830 2737 autem
847 2702 1064 2748 expectabat
1090 2702 1267 2734 auxilium
1288 2701 1332 2733 ab
1360 2703 1478 2743 ltalia,
1503 2706 1602 2750 quod

136 2751 236 2786 brevi
262 2755 454 2786 affuturum
481 2751 732 2785 arbitrabatur.
785 2750 930 2784 interim
955 2755 1076 2782 tamen
1090 2749 1254 2791 Byzantii
1284 2760 1362 2782 cnm
1389 2761 1468 2794 rege
1498 2763 1602 2786 man-

11 2689 35 2852 ³-·‡}{N;⁴⁴v'·⁴·d·⁴s
11 2619 30 2668 'uu-

218 2827 550 2871 Chalcocondylas.
1299 2823 1344 2858 26
