1858 3210
517 190 590 229 DE
632 187 806 228 REBUS.
842 183 1096 226 TURClClS
1136 184 1184 223 L.
1211 185 1283 222 vi.
1547 184 1641 229 285

176 293 361 346 μένους·
437 287 693 343 τραπόμενοι
734 284 814 339 γὰρ
859 285 911 339 τῇ
950 284 1182 340 προτεραίᾳ
1223 282 1293 325 έπὶ
1333 285 1520 339 ποταμόν
1549 293 1688 329 τιναΡ.
1706 292 1769 325 151

178 357 313 400 αὐτοῦ
343 353 476 411 ταύτῃ
504 356 574 407 τῆς
597 354 742 405 χώρας
771 351 1002 405 ηὐλίζοντο,
1031 344 1124 390 οὔτε
1157 349 1353 404 φυλακάς
1383 353 1643 408 καταστησά-

175 438 292 476 μενοι
322 424 365 470 ἐς
393 421 439 462 τὸ
471 418 772 474 στρατόπεδον,
804 413 989 467 οἰόμενοι
1022 415 1072 468 δὴ
1108 412 1298 457 οὐδέποτ’
1328 414 1380 458 (ἲν
1408 418 1508 467 τούς
1533 418 1644 461 Σκύ-

176 492 260 538 θας
289 490 332 537 ἐς
362 489 559 528 τοσοῦτον
592 486 748 538 τόλμης
789 482 1073 538 ἀφικομένους
1105 483 1310 535 ἐθελῆσαι
1341 483 1644 526 ἀνακινδυνεύ-

143 565 238 598 5ειν
264 553 599 608 συμβάλλοντας.
658 551 843 592 ἐνταῦθα
875 547 931 595 (ὃς
974 546 1010 588 οἱ
1047 549 1205 600 πρῶτοι
1239 549 1382 590 αὐτῶν
1413 554 1489 592 τοῦ
1516 569 1645 606 στρα-

175 619 380 672 τεύματος
426 619 503 659 οὐκ
550 618 769 669 α’νέμεινον
806 615 902 662 τοὺς
940 613 1179 667 ου’ραγούς,
1215 611 1324 656 (ὅστε
1357 616 1427 658 έπί
1450 620 1645 669 μέτωπον

173 689 370 741 γενέσθαι
399 683 444 726 τό
477 683 747 737 στράτευμα,
777 683 868 722 ἀλλ’
915 679 985 722 ἐπὶ
1019 680 1155 732 βάθος
1197 680 1471 736 πορευόμενοι
1509 684 1644 739 βάδην

176 751 439 810 [ἐποιοῦντο]
468 751 620 803 ἐπῆγον
649 751 721 790 ε’πί
746 746 844 795 τούς
884 749 1125 798 πολεμίους.
1182 745 1347 790 Σκύθαι
1380 750 1425 790 δὲ
1456 747 1643 792 ἐνταῦθα

175 819 384 860 ἐπέκειντο
413 822 500 863 τοῖς
531 815 710 869 πρώτοις
741 814 907 866 aaran,
940 813 996 861 ὥς
1027 812 1188 862 τούτοις
1217 813 1469 867 μαχόμενοι.
1527 818 1641 870 ἐτρέ-

118 891 162 927 10
175 894 313 937 ψαντο
343 882 495 924 αὐτίκα
528 883 826 934 ἐπιτιθέμενοι,
854 878 1130 934 καίέδιίυκον,
1165 880 1220 929 ὦς
1240 882 1380 922 ποδῶν
1401 877 1513 935 εἶχεν
1542 884 1641 923 ἕκα-

170 965 277 999 στος.
309 951 495 991 ἐνταῦθα
511 949 738 990 ἐπέπιπτον
761 946 803 996 ἐς
822 945 920 995 τούς
936 948 1166 1002 σφετέρους
1186 946 1350 1000 αὐτῶν,
1379 948 1451 990 καί
1471 947 1680 1004 ἔτρεπονΒ

171 1014 245 1059 καὶ
270 1014 443 1063 τούτους
471 1013 514 1063 ές
539 1013 690 1070 φυγήν,
719 1015 792 1055 καί
820 1011 949 1061 οὕτως
979 1008 1082 1066 ἄχρι
1112 1016 1193 1055 τῶν
1223 1015 1418 1068 ου’ραγῶν
1446 1015 1642 1068 ἐγένοντο.

172 1081 428 1136 τρεψάμενοι
463 1083 509 1123 δὲ
539 1076 653 1122 ἅπαν
682 1079 726 1122 τὸ
759 1078 1003 1135 στράτευμα
1033 1078 1074 1128 ές
1104 1079 1244 1134 φυγὴν
1275 1081 1491 1137 ἐφόνευον,
1520 1080 1641 1124 οὐδε-

172 1146 241 1197 νὸς
269 1146 534 1204 φειδόμενοι,
563 1144 697 1188 πάντα
717 1145 761 1187 ὃν
779 1145 1217 1199 έπικαταλα,ιιβανοιεν
1241 1150 1569 1201 κατακαίνοντες,
1599 1147 1642 1197 ἐς

118 1212 199 1259 153
227 1213 278 1269 δὴ
304 1216 355 1262 ,ές
379 1212 454 1268 τὴν
484 1211 606 1254 πόλιν
633 1214 884 1264 διεσώζοντο
917 1209 1022 1254 ὥστε
1051 1211 1111 1267 μή
1141 1212 1390 1255 ἀπολέσθαι.
1449 1213 1557 1256 οὕτω
1586 1213 1636 1269 δὴ

175 1281 518 1333 ἀπαλλαχθέντες
547 1281 624 1320 τοῦ
653 1278 755 1332 πρὸς
788 1277 959 1327 Σκύθας
987 1277 1086 1326 τούς
1113 1276 1157 1320 ἐν
1183 1281 1239 1336 τῷ
1267 1278 1478 1337 Βοσπόρῳ
1509 1279 1640 1333 νομά-

176 1347 265 1398 δας,
292 1347 520 1387 κατέπλεον
550 1345 594 1393 ἐς
615 1345 863 1395 Βυζάντιον.
931 1342 1181 1400 ἀφικόμενοι
1211 1347 1254 1393 ἐς
1280 1347 1495 1401 Γαλατιήν
1522 1347 1642 1389 πόλιν
1665 1399 1678 1406 ρ

174 1410 250 1466 τήν
278 1410 533 1464 καταντικρύ
551 1412 794 1462 Βυζαντίου
826 1414 870 1452 έν
899 1412 950 1467 τῇ
978 1407 1179 1467 Εὐρώπῃ,
1211 1413 1285 1452 καί
1313 1415 1430 1469 κοινῇ
1456 1416 1640 1466 βουλευ-

173 1477 349 1530 σάμενοι
380 1475 427 1518 ὃν
457 1477 610 1531 τρόπον
637 1476 714 1531 τήν
742 1477 863 1518 πόλιν
880 1478 1117 1530 μαχόμενοι
1147 1480 1331 1530 ἐξέλωσι,
1362 1478 1437 1528 τάς
1463 1495 1507 1520 τε
1535 1483 1639 1528 ναῦς

118 1542 452 1599 2οἐπλήρωσαν,
495 1543 569 1584 καί
613 1541 930 1596 ἐξοπλισάμενοι
973 1543 1079 1584 κατὰ
1110 1542 1182 1584 τὸν
1214 1546 1455 1595 Βυζαντίου
1487 1549 1636 1597 λιμένα

174 1611 439 1665 προσέφερον
478 1608 551 1658 τὰς
592 1612 694 1657 ναῦς
737 1612 808 1651 ἐπί
848 1608 894 1651 τὸ
930 1617 1069 1663 τεῖχος
1102 1610 1159 1658 αἷς
1209 1610 1290 1651 α’πὸ
1321 1614 1401 1653 τῶν
1433 1614 1535 1653 νεῶν
1566 1612 1681 1666 vij

174 1674 295 1718 πόλιν
335 1674 583 1732 αἱρήσοντες.
661 1674 696 1716 οἱ
752 1679 830 1729 μὲν
871 1672 946 1718 οὖν
990 1675 1222 1727 Βυζάντιοι
1278 1677 1641 1731 παρεσκευάζοντο

268 1793 302 1827 6.
329 1792 513 1840 ἀνέμενον
523 1794 539 1827 Ρ

177 1919 272 1941 arma
295 1908 484 1953 arripiunt.
534 1920 615 1941 nam
645 1910 839 1954 praeterita
863 1909 922 1943 die
939 1911 1040 1943 affusi
1066 1909 1173 1943 fluvio
1199 1909 1341 1943 cuidam
1370 1911 1406 1943 iu
1426 1922 1466 1943 ea
1493 1912 1638 1955 regione

178 1960 291 1988 castra
320 1959 529 2000 posuerant,
553 1967 622 1988 nec
648 1957 771 1990 solitas
796 1956 1007 1991 ordinarant
1031 1958 1179 2001 vigilias.
1230 1958 1408 2002 putabant
1433 1959 1528 1990 enim
1554 1959 1640 2001 Scy-

179 2002 258 2036 thas
295 2013 482 2048 nunquam
527 2014 569 2035 eo
595 2003 766 2036 audaciae
798 2015 1061 2048 progressuros,
1088 2010 1126 2037 ut
1153 2016 1271 2037 secum
1299 2017 1341 2038 ex
1367 2007 1442 2038 acie
1469 2005 1639 2038 dimicare

179 2049 412 2083 sustinerent.
461 2049 511 2082 ibi
538 2050 646 2094 igitur
672 2062 751 2083 cum
782 2052 889 2096 primi
917 2063 990 2084 non
1024 2056 1276 2096 expectassent
1315 2063 1375 2085 eos
1402 2053 1463 2098 qui
1489 2053 1640 2096 agminis

180 2097 351 2142 postremi
383 2102 508 2137 erant,
550 2103 588 2130 ut
627 2098 663 2130 in
703 2110 812 2131 unum
847 2105 883 2131 et
915 2099 953 2131 in
991 2099 1122 2132 iustam
1152 2100 1262 2132 aciem
1294 2100 1438 2132 collecti
1465 2101 1639 2144 praelium

178 2144 332 2184 inirent,
357 2154 480 2177 verum
518 2143 742 2189 pedetentim
777 2151 814 2178 et
845 2147 1010 2190 palantes
1049 2146 1257 2179 incedentes
1291 2147 1492 2191 pergebant
1517 2153 1641 2180 contra

180 2190 326 2231 hostes,
360 2197 554 2225 extenuato
580 2193 732 2224 maxime
759 2194 910 2236 agmine.
963 2193 1115 2236 Scythae
1146 2194 1276 2237 igitur,
1305 2193 1364 2226 ubi
1391 2199 1643 2238 compererunt

180 2237 304 2271 hostes
333 2239 650 2284 appropinquare,
679 2239 867 2273 confestim
893 2240 943 2273 eis
971 2240 1112 2273 obviam
1148 2240 1438 2285 progrediuntur,
1467 2242 1641 2284 agminis-

181 2295 252 2330 que
294 2285 522 2330 incompositi
566 2287 699 2330 primos
737 2288 891 2331 aggressi
920 2286 1090 2320 fuderunt
1126 2288 1226 2320 etin
1257 2288 1374 2331 fugam
1400 2288 1642 2321 coniecerunt.

183 2332 362 2375 fugientes
401 2334 572 2366 acerrime
616 2336 792 2378 persecuti
830 2340 925 2368 sunt.
984 2335 1178 2368 lanuenses
1222 2335 1304 2379 fuga
1345 2334 1387 2367 ad
1420 2347 1503 2367 suos
1530 2335 1641 2368 delati

183 2379 291 2412 etiam
319 2389 380 2412 eos
407 2379 512 2424 fugae
537 2381 652 2414 socios‘
680 2387 875 2415 traxerunt.
927 2382 1071 2415 tandem
1098 2383 1274 2426 praelium
1307 2382 1350 2414 ad
1378 2388 1555 2414 extremos
1581 2393 1643 2414 ve-

181 2427 251 2466 nit,
277 2436 366 2471 quos
410 2431 507 2471 terga
548 2427 632 2460 dare
665 2434 807 2462 coactos
834 2428 1043 2462 ceciderunt
1079 2430 1241 2473 impigre,
1269 2429 1361 2461 nulli
1391 2440 1641 2474 quemcunque

181 2472 279 2506 nacti
305 2477 405 2505 erant
430 2480 626 2517 parcentes.
686 2476 791 2519 pauci
827 2475 973 2521 quidam.
1000 2477 1083 2520 fuga
1112 2487 1255 2509 evasere
1283 2476 1482 2508 incolumes
1520 2476 1557 2508 in
1583 2489 1643 2509 ur-

148 2541 150 2544 .
182 2519 276 2553 bem.
325 2518 468 2553 liberati
495 2521 604 2565 igitur
628 2522 727 2556 bello
757 2523 854 2568 quod
881 2534 1019 2567 gessere
1057 2535 1183 2568 parum
1210 2523 1367 2556 feliciter
1393 2534 1470 2555 cum
1500 2523 1640 2566 Scythis

181 2567 220 2600 in
244 2566 405 2611 Bosporo
432 2566 678 2603 habitantibus
695 2595 704 2611 ,
745 2571 960 2614 navigarunt
985 2582 1104 2604 versus
1136 2571 1340 2613 Byzantium
1356 2595 1364 2610 ,
1390 2575 1641 2616 veneruntque

183 2613 362 2647 Galatiam
399 2613 511 2659 (quae
538 2620 574 2648 et
602 2617 701 2658 Pera)
739 2616 882 2658 urbem,
907 2629 1001 2663 quae
1026 2619 1094 2650 situ
1120 2623 1172 2649 est
1199 2629 1217 2649 e
1244 2617 1388 2660 regione
1417 2618 1575 2659 Byzantii
1600 2619 1638 2651 in

180 2661 334 2706 Europa.
383 2661 432 2692 ibi
461 2662 713 2697 consultat-unt
751 2666 987 2698 communiter
1014 2663 1198 2710 quomodo
1224 2663 1434 2706 Byzantium
1463 2675 1639 2710 occupare

180 2713 338 2752 possent.
389 2707 566 2742 militibus
589 2721 697 2743 naves
731 2711 932 2756 complent,
959 2717 996 2744 et
1024 2712 1160 2756 reliqua
1187 2716 1404 2743 armamenta
1431 2711 1640 2756 expediunt,

181 2765 362 2801 navesque
387 2754 431 2788 ad
457 2767 596 2790 murum
626 2758 726 2792 iuxta
766 2764 909 2804 portum
934 2759 1151 2804 appellunt,
1190 2759 1294 2803 quasi
1336 2758 1490 2792 navibus
1517 2758 1639 2793 urbem
