1800 3172
273 183 292 222 1
302 181 362 223 30
598 183 813 225 LAONlCl
857 183 1361 228 CI-IALCOCONDYLAE

267 282 417 320 τούτου
450 280 726 341 αὕτοῦκπαρὰ
754 279 825 322 τὸν
844 279 1004 336 Ἴστρον
1033 285 1257 335 ἐνέμειναν.
1317 279 1375 326 ὧν
1405 285 1450 327 τὸ
1482 288 1603 328 πλέον
1631 287 1701 328 ἐπὶ

267 342 522 398 Παιαζήτεω
554 344 706 397 διαβὰν
731 344 802 386 τὸν
819 341 976 400 Ἴστρον
1004 348 1226 398 ἐνέμειναν.
1256 347 1414 405 ᾠκίσθη
1437 354 1570 406 χωρὶς
1597 353 1697 392 ἕκα-

272 424 367 450 στον
393 412 519 463 μέρος
562 411 635 450 τοῦ
665 412 804 462 γένους
833 410 976 451 τούτου
1011 411 1244 464 γενόμενον.
1302 413 1345 454 τὸ
1369 416 1415 455 δὲ
1443 414 1698 470 ὑπολειφθὲν

266 475 393 526 μέρος
424 475 559 514 αὐτοῦ
606 476 737 528 πέραν
779 477 854 516 τοῦ
882 472 1044 529 Ἴστρου
1078 476 1309 534 Καζιμήρῳ
1337 480 1395 534 τῷ
1423 481 1592 531 βασιλεῖ
1611 483 1699 522 Λι-

266 538 452 580 τουᾰνων
495 538 567 592 την
593 541 758 579 δίαιταν
787 537 959 593 ἔχουσι,
999 539 1072 594 τὴν
1109 543 1185 594 γῆν
1213 541 1427 593 νεμόμενοι
1459 544 1502 591 ἐς
1541 543 1599 584 ἔτι
1629 546 1730 584 καί5

266 605 356 654 νῦν,
387 601 430 652 ἔς
459 619 503 645 τε
531 602 600 644 τὸν
638 604 742 658 πρὸς
771 603 866 652 τούς
906 607 1138 657 περιοίκους
1167 608 1279 662 αὐτῷ
1307 605 1479 657 πόλεμον
1511 611 1697 660 συμβαλ-

267 666 431 720 λόμενοι
460 669 509 709 τά
543 667 763 720 κράτιστα·
821 665 914 709 ὅποι
941 668 1019 722 γὰρ
1053 666 1102 710 ἂν
1130 669 1175 710 τό
1208 674 1320 723 γένος
1338 673 1455 712 τοῦτο
1481 673 1698 725 τυγχάνω-

267 747 334 774 σιν
360 727 492 785 ὄντες,
538 734 707 774 δοκοῦσι’
735 749 780 774 τε
811 731 862 774 τὰ
891 735 935 782 ἐς
963 734 1140 784 πόλεμον
1163 734 1234 775 καί
1263 735 1346 776 εἰσί
1373 733 1601 790 κράτιστοι.
1658 734 1697 777 οἱ

267 798 315 839 δὲ
346 800 444 851 περὶ
469 796 537 838 τὸν
566 799 783 851 Βόσπορον
813 797 883 838 καί
910 796 983 851 τὴν
1029 797 1239 851 Ταυρικὴν
1268 801 1388 851 νῆσον
1420 800 1695 854 καλουμένην,

229 862 528 916 Βὸιείργουσαν
569 865 714 915 λιζιινην
754 878 799 903 τε
843 861 917 915 τὴν
959 862 1188 904 Μαιώτιὸα
1231 865 1301 904 καί
1338 862 1451 917 τόνγε
1499 859 1689 914 Εὔξεινον
1710 869 1751 902 10

267 926 432 978 πόντον,
479 924 560 966 ὑπὸ
609 928 666 982 τῷ
716 929 888 979 βασιλεῖ’
918 927 1146 982 Ἀτζικερίῃ
1189 926 1240 968 τά
1271 942 1315 968 τε
1345 926 1444 982 ἔθνη
1473 927 1524 969 τὰ
1555 930 1598 977 ἐς
1622 930 1698 982 γῆν

269 989 503 1045 ληιζόμενοι
532 993 864 1044 κατεστρέψαντο
898 992 940 1038 ἐς
968 991 1102 1045 φόρου
1124 992 1359 1046 α’παγωγήν,
1386 991 1483 1040 τούς
1510 1008 1555 1034 τε
1586 995 1626 1034 Γ
1625 991 1697 1033 ότ-

269 1059 374 1103 &avg
403 1058 681 1106 καλουμένους
719 1055 789 1096 καί
827 1056 1013 1102 ’[ανύους
1051 1053 1146 1104 τούς
1183 1055 1257 1109 τὴν
1296 1059 1372 1098 τοῦ
1401 1059 1538 1112 Καφᾶ
1576 1056 1697 1099 πόλιν

270 1122 543 1166 ἐνοικοῦντας.
600 1121 673 1160 καί
698 1122 939 1174 Σαρματιάς
981 1121 1104 1172 μέρος
1131 1136 1171 1161 τι
1200 1120 1349 1174 ἀπάγει
1377 1121 1509 1178 τούτῳ
1539 1125 1594 1178 τῷ
1620 1125 1698 1175 βα-

270 1189 384 1226 σιλεῖ
405 1184 550 1238 φόρον.
623 1186 839 1238 Σαρμάται
876 1186 954 1236 μὲν
991 1181 1064 1226 οὖν
1100 1183 1139 1225 οἱ
1179 1185 1283 1239 πρὸς
1321 1181 1517 1237 Εὔξεινον
1553 1185 1698 1228 πόντον
1712 1196 1754 1229 15

270 1248 342 1289 καί
369 1247 405 1289 οἱ
436 1246 540 1300 πρὸς
573 1249 750 1290 ω’κεανὸν
781 1251 837 1305 τῷ
865 1247 1029 1304 μεγάλῳ
1061 1251 1237 1290 Σκυθῶν
1267 1253 1437 1302 βασιλεῖ’
1465 1253 1546 1293 τῶν
1573 1253 1617 1293 ἐν
1649 1253 1699 1307 τῇ
1743 1299 1745 1301 r

271 1314 402 1368 α’γορᾷ
430 1311 559 1368 φόρον
580 1313 835 1366 (ἐπάγουσιν,
865 1315 908 1362 ἐξ
936 1310 1030 1354 ὅτου
1070 1312 1143 1367 τὴν
1171 1316 1417 1367 Σαρματιάν
1445 1315 1701 1370 ἐπιδραμόν-

270 1393 335 1425 τες
363 1376 412 1418 τα
445 1379 521 1428 μὲν
547 1379 927 1432 ἠνδραποδίσαντο,
967 1376 1019 1418 τὰ
1051 1379 1096 1418 δὲ
1139 1375 1378 1431 ληισοέμενοι
1406 1381 1604 1432 κατέσχον
1633 1377 1703 1420 ἐπὶ

273 1441 429 1495 συχνόν
459 1459 549 1484 τινα
573 1441 733 1496 χρόνον,
765 1443 836 1483 καὶ
863 1441 996 1498 ταύτῃ
1026 1441 1072 1483 τὸ
1110 1441 1190 1482 dud
1223 1443 1346 1483 τοῦδε
1375 1441 1506 1497 φόρον
1534 1458 1577 1484 τε
1606 1443 1700 1484 ἑτά-

274 1513 392 1558 ξαντο
421 1511 478 1564 τῷ
504 1511 675 1560 βασιλεῖ
695 1510 752 1564 τῷ
779 1508 957 1563 μεγάλῳ,
987 1507 1059 1548 καί
1087 1505 1205 1555 ἔτους
1236 1505 1407 1549 ἑκάστου
1427 1506 1646 1560 α’πάγουσι.
1712 1516 1757 1550 20

236 1588 261 1620 C
385 1571 606 1626 Σαρματιά
634 1573 710 1625 μὲν
739 1567 813 1612 οὖν
842 1569 974 1625 διήκει
1003 1571 1082 1613 ἀπὸ
1105 1573 1280 1612 Σκυθῶν
1304 1574 1386 1613 τῶν
1414 1570 1606 1624 νομάδων
1634 1573 1705 1614 ἐπὶ

368 1697 402 1728 4.
427 1702 509 1741 post
525 1695 670 1742 Ἴστρου
696 1697 727 1729 Η
755 1691 825 1731 ὑπὸ
944 1695 998 1728 12.
1023 1696 1220 1741 ἐπαγωγὴν
1245 1696 1267 1727 Ρ

275 1803 446 1845 plurimas
470 1802 688 1834 incursiones
726 1802 902 1834 faciendo.
954 1802 1074 1833 relicta
1112 1801 1280 1834 Sarmatia
1315 1801 1464 1834 Tanaim
1491 1800 1610 1833 vei-sus
1635 1800 1703 1833 iter

276 1850 422 1892 ingressi
456 1854 558 1887 sunt,
587 1853 622 1880 et
657 1848 826 1892 pleraque
864 1849 976 1890 gentis
1012 1847 1116 1879 huius
1140 1859 1217 1891 pars
1255 1848 1291 1880 in
1318 1848 1460 1890 regione
1487 1848 1576 1880 Istro
1600 1846 1703 1878 adia-

277 1900 379 1926 cente
406 1895 547 1926 mansit.
605 1904 725 1926 eorum
755 1905 896 1937 quoque
923 1903 993 1924 non
1027 1893 1129 1937 pauci
1166 1894 1352 1926 transvecti
1383 1895 1506 1925 Istrum
1531 1893 1596 1925 sub
1623 1901 1703 1935 rege

276 1941 430 1973 Paiazite
459 1945 610 1972 aetatem
648 1945 805 1982 egerunt.
871 1938 1076 1980 Scytharum
1103 1950 1230 1982 genera
1253 1940 1390 1982 singula
1415 1939 1578 1972 habitant
1600 1948 1704 1982 sepa-

277 1991 351 2019 rata
379 1985 422 2017 ab
448 1986 605 2029 reliquis.
662 1996 742 2028 pars
784 1984 956 2030 quaedam
990 1985 1064 2017 eius
1102 1986 1215 2027 gentis
1252 1985 1372 2018 relicta
1408 1986 1455 2017 cis
1487 1986 1612 2017 Istrum
1637 1983 1703 2016 sub

277 2032 449 2065 Cazimiro
483 2033 713 2064 Lituauorum
751 2041 830 2073 rege
861 2030 966 2073 degit.
1025 2030 1172 2062 eandem
1213 2031 1390 2073 regionem
1429 2031 1617 2064 etiamnum
1651 2034 1706 2063 te-

276 2083 375 2116 nent,
403 2082 545 2110 strenue
570 2087 712 2120 operam
737 2082 904 2108 navantes
930 2087 993 2108 suo
1027 2077 1100 2119 regi
1127 2077 1164 2109 in
1190 2076 1293 2108 bellis
1326 2088 1416 2121 quae
1444 2087 1521 2109 cum
1547 2075 1706 2108 finitimis

278 2125 378 2167 gerit.
429 2134 537 2166 genus
576 2123 670 2154 enim
697 2122 792 2154 istud
829 2121 1010 2154 hominum
1053 2133 1265 2166 quocunque
1302 2123 1497 2162 accesserit,
1521 2123 1650 2166 primas
1668 2121 1706 2154 in

280 2170 384 2202 rebus
411 2169 548 2201 bellicis
572 2174 672 2200 tenet
699 2168 991 2212 fortitudinisque
1017 2167 1127 2210 gloria
1154 2169 1291 2200 emicat.
1323 2169 1384 2214 qui
1407 2174 1488 2200 ante
1513 2169 1704 2212 Bosporum

279 2221 316 2249 et
339 2215 525 2248 Tauricam
550 2214 720 2252 insulam,
751 2225 841 2257 quae
877 2213 1010 2245 dirimit
1053 2213 1222 2246 Maeotim
1261 2214 1425 2258 paludem
1460 2219 1496 2246 et
1531 2213 1706 2246 Euxinum

278 2267 440 2307 pontum,
468 2261 649 2300 accolunt,
690 2260 838 2304 imperio
866 2259 1047 2292 Atziceriis
1085 2265 1262 2303 reguntur.
1318 2261 1534 2303 subegerunt
1570 2257 1707 2292 Gothos

281 2308 318 2341 et
354 2309 543 2340 Ianuenses
584 2306 703 2338 urbem
743 2305 895 2348 Capham
932 2305 1202 2346 inhabitantes,
1238 2310 1277 2337 ut
1301 2311 1510 2349 cogerentur
1535 2305 1707 2338 tributum

281 2353 449 2399 pendere.
509 2353 614 2385 etiam
657 2352 849 2384 Sarmatiae
881 2350 1055 2396 quaedam
1098 2362 1177 2395 pars
1213 2351 1295 2382 huic
1334 2353 1406 2395 regi
1431 2351 1617 2384 tributaria
1643 2355 1706 2383 est.

282 2401 460 2432 Sarmatae
496 2400 557 2443 qui
594 2398 756 2430 incolunt
792 2397 968 2440 regionem
1003 2408 1120 2429 versus
1150 2397 1322 2431 Euxinum
1356 2403 1504 2441 pontum
1530 2402 1567 2430 et
1595 2397 1709 2429 Ocea-

280 2457 374 2484 num,
399 2455 523 2487 magno
549 2443 753 2486 Scytharum
779 2444 862 2486 regi,
888 2443 951 2486 qui
980 2443 1018 2475 in
1043 2443 1155 2486 Agora
1181 2443 1280 2486 regni
1304 2442 1422 2476 sedem
1449 2442 1570 2483 habet,
1594 2441 1708 2475 tribu--

281 2498 355 2523 tum
380 2491 565 2535 pendunt,
597 2491 665 2522 iam
693 2488 776 2521 inde
817 2500 860 2521 ex
882 2489 946 2521 illo
972 2494 1131 2532 tempore
1156 2499 1226 2534 quo
1262 2489 1299 2521 in
1325 2490 1530 2522 Sarmatiam
1556 2488 1710 2533 popula·

282 2537 393 2569 bundi
421 2538 630 2569 cursitantes
666 2535 794 2580 partim
822 2533 1004 2566 hominum
1030 2535 1227 2579 partimque
1253 2534 1400 2567 aliarum
1426 2545 1539 2568 rerum
1564 2532 1710 2578 praedas

283 2589 449 2626 egerunt3
474 2593 622 2627 eamque
645 2581 703 2614 diu
730 2580 928 2619 obtinuere,
955 2581 1122 2624 imposito
1147 2580 1292 2622 tributo,
1316 2581 1413 2626 quod
1436 2580 1582 2625 singulis
1607 2579 1710 2612 annis

282 2640 407 2672 magno
429 2628 634 2671 Scytharum
663 2628 733 2670 regi
763 2625 973 2660 tribuerent.

375 2685 544 2718 Sarmatia
577 2696 596 2717 a
630 2683 767 2727 Scythis
803 2681 1004 2728 pastoribus
1038 2693 1147 2726 usque
1182 2681 1224 2714 ad
1262 2682 1372 2715 Dacos
1408 2687 1443 2716 ct
1467 2682 1635 2715 Lituanos
1673 2691 1709 2713 se
