<?xml version="1.0" encoding="UTF-8"?>
<!DOCTYPE html PUBLIC "-//W3C//DTD XHTML 1.0 Transitional//EN"
    "http://www.w3.org/TR/xhtml1/DTD/xhtml1-transitional.dtd">
<html xmlns="http://www.w3.org/1999/xhtml" xml:lang="en" lang="en">
 <head>
  <title>
</title>
<meta http-equiv="Content-Type" content="text/html;charset=utf-8" />
  <meta name='ocr-system' content='tesseract 3.04.00' />
  <meta name='ocr-capabilities' content='ocr_page ocr_carea ocr_par ocr_line ocrx_word'/>
</head>
<body>
  <div class='ocr_page' id='page_1' title='image "./corpusscriptorum32niebuoft_0554.png"; bbox 0 0 1774 3204; ppageno 0'>
   <div class='ocr_carea' id='block_1_1' title="bbox 1674 0 1774 152">
    <p class='ocr_par' dir='ltr' id='par_1_1' title="bbox 1674 0 1774 184">
     <span class='ocr_line' id='line_1_1' title="bbox 1674 0 1774 152; baseline 0.01 -1"><span class='ocrx_word' id='word_1_1' title='bbox 1674 0 1774 152; x_wconf 53' lang='lat'>1</span> 
     </span>
    </p>
   </div>
   <div class='ocr_carea' id='block_1_2' title="bbox 200 287 1738 1639">
    <p class='ocr_par' dir='ltr' id='par_1_2' title="bbox 245 287 1714 666">
     <span class='ocr_line' id='line_1_2' title="bbox 248 287 1681 346; baseline 0.005 -15"><span class='ocrx_word' id='word_1_2' title='bbox 248 293 418 343; x_wconf 82' lang='grc' dir='ltr'><strong><em>σβεύετο</em></strong></span> <span class='ocrx_word' id='word_1_3' title='bbox 441 294 519 343; x_wconf 83' lang='grc' dir='ltr'><strong>μὲν</strong></span> <span class='ocrx_word' id='word_1_4' title='bbox 555 287 630 332; x_wconf 75' lang='grc' dir='ltr'><strong>οὖν</strong></span> <span class='ocrx_word' id='word_1_5' title='bbox 658 294 729 332; x_wconf 82' lang='grc' dir='ltr'><em>καί</em></span> <span class='ocrx_word' id='word_1_6' title='bbox 754 287 876 340; x_wconf 75' lang='grc' dir='ltr'><strong><em>οὗτος</em></strong></span> <span class='ocrx_word' id='word_1_7' title='bbox 904 293 1023 344; x_wconf 69' lang='grc' dir='ltr'><strong><em>θαμὰ</em></strong></span> <span class='ocrx_word' id='word_1_8' title='bbox 1070 291 1123 339; x_wconf 78' lang='grc' dir='ltr'><strong>ὥς</strong></span> <span class='ocrx_word' id='word_1_9' title='bbox 1151 291 1223 332; x_wconf 76' lang='grc' dir='ltr'><strong>τὸν</strong></span> <span class='ocrx_word' id='word_1_10' title='bbox 1251 296 1426 344; x_wconf 83' lang='grc' dir='ltr'><strong><em>βασιλέα</em></strong></span> <span class='ocrx_word' id='word_1_11' title='bbox 1453 298 1681 346; x_wconf 79' lang='grc' dir='ltr'><em>συνεξελεῖν</em></span> 
     </span>
     <span class='ocr_line' id='line_1_3' title="bbox 247 354 1682 412; baseline 0.004 -14"><span class='ocrx_word' id='word_1_12' title='bbox 247 354 317 398; x_wconf 74' lang='grc' dir='ltr'><strong><em>τὸν</em></strong></span> <span class='ocrx_word' id='word_1_13' title='bbox 341 357 552 409; x_wconf 74' lang='grc' dir='ltr'><strong><em>Ἰλλυριῶν</em></strong></span> <span class='ocrx_word' id='word_1_14' title='bbox 579 359 771 410; x_wconf 82' lang='grc' dir='ltr'><strong><em>βασιλέα,</em></strong></span> <span class='ocrx_word' id='word_1_15' title='bbox 798 359 870 398; x_wconf 82' lang='grc' dir='ltr'>καί</span> <span class='ocrx_word' id='word_1_16' title='bbox 888 357 1063 411; x_wconf 85' lang='grc' dir='ltr'><strong><em>στρατὸν</em></strong></span> <span class='ocrx_word' id='word_1_17' title='bbox 1092 355 1215 410; x_wconf 76' lang='grc' dir='ltr'><em>ἐπῆγε</em></span> <span class='ocrx_word' id='word_1_18' title='bbox 1250 356 1456 412; x_wconf 82' lang='grc' dir='ltr'><strong><em>Τούρκων,</em></strong></span> <span class='ocrx_word' id='word_1_19' title='bbox 1486 363 1557 402; x_wconf 81' lang='grc' dir='ltr'><em>καί</em></span> <span class='ocrx_word' id='word_1_20' title='bbox 1582 362 1682 403; x_wconf 75' lang='grc' dir='ltr'><strong><em>ἐκά-</em></strong></span> 
     </span>
     <span class='ocr_line' id='line_1_4' title="bbox 248 419 1684 478; baseline 0.004 -16"><span class='ocrx_word' id='word_1_21' title='bbox 248 437 321 462; x_wconf 81' lang='grc' dir='ltr'><strong>κου</strong></span> <span class='ocrx_word' id='word_1_22' title='bbox 350 420 424 474; x_wconf 69' lang='grc' dir='ltr'><strong><em>τὴν</em></strong></span> <span class='ocrx_word' id='word_1_23' title='bbox 453 422 609 474; x_wconf 82' lang='grc' dir='ltr'><strong><em>χώραν.</em></strong></span> <span class='ocrx_word' id='word_1_24' title='bbox 666 419 758 462; x_wconf 86' lang='grc' dir='ltr'><strong><em>τότε</em></strong></span> <span class='ocrx_word' id='word_1_25' title='bbox 786 421 842 470; x_wconf 79' lang='grc' dir='ltr'><strong>ὥς</strong></span> <span class='ocrx_word' id='word_1_26' title='bbox 881 422 1009 463; x_wconf 79' lang='grc' dir='ltr'><strong><em>ἐπιών</em></strong></span> <span class='ocrx_word' id='word_1_27' title='bbox 1040 421 1060 462; x_wconf 83' lang='grc' dir='ltr'>ὅ</span> <span class='ocrx_word' id='word_1_28' title='bbox 1091 422 1289 474; x_wconf 77' lang='grc' dir='ltr'><strong><em>βασιλεὺς</em></strong></span> <span class='ocrx_word' id='word_1_29' title='bbox 1319 425 1584 478; x_wconf 79' lang='grc' dir='ltr'><em>ἐπηγγέλλετο</em></span> <span class='ocrx_word' id='word_1_30' title='bbox 1613 428 1684 468; x_wconf 76' lang='grc' dir='ltr'><strong>ἐπὶ</strong></span> 
     </span>
     <span class='ocr_line' id='line_1_5' title="bbox 247 483 1682 543; baseline 0.001 -18"><span class='ocrx_word' id='word_1_31' title='bbox 247 484 320 538; x_wconf 69' lang='grc' dir='ltr'><strong><em>τὴν</em></strong></span> <span class='ocrx_word' id='word_1_32' title='bbox 345 485 555 537; x_wconf 78' lang='grc' dir='ltr'><strong><em>Ἰλλυριῶν</em></strong></span> <span class='ocrx_word' id='word_1_33' title='bbox 582 483 739 539; x_wconf 77' lang='grc' dir='ltr'><strong><em>χώραν,</em></strong></span> <span class='ocrx_word' id='word_1_34' title='bbox 766 487 1098 538; x_wconf 74' lang='grc' dir='ltr'><strong><em>παρεσκευάζετο</em></strong></span> <span class='ocrx_word' id='word_1_35' title='bbox 1127 488 1198 526; x_wconf 77' lang='grc' dir='ltr'><strong><em>καί</em></strong></span> <span class='ocrx_word' id='word_1_36' title='bbox 1223 487 1359 538; x_wconf 70' lang='grc' dir='ltr'><strong><em>αὐτὸς,</em></strong></span> <span class='ocrx_word' id='word_1_37' title='bbox 1393 486 1448 536; x_wconf 78' lang='grc' dir='ltr'><strong>ὥς</strong></span> <span class='ocrx_word' id='word_1_38' title='bbox 1467 484 1516 543; x_wconf 81' lang='grc' dir='ltr'><strong>ἦν</strong></span> <span class='ocrx_word' id='word_1_39' title='bbox 1540 506 1580 532; x_wconf 79' lang='grc' dir='ltr'><strong>τι</strong></span> <span class='ocrx_word' id='word_1_40' title='bbox 1608 488 1682 532; x_wconf 75' lang='grc' dir='ltr'><strong>δύ-</strong></span> 
     </span>
     <span class='ocr_line' id='line_1_6' title="bbox 245 547 1714 608; baseline 0.005 -17"><span class='ocrx_word' id='word_1_41' title='bbox 245 564 359 591; x_wconf 82' lang='grc' dir='ltr'><strong><em>ναιτο</em></strong></span> <span class='ocrx_word' id='word_1_42' title='bbox 387 550 659 602; x_wconf 82' lang='grc' dir='ltr'><strong><em>α’μυνόμενος,</em></strong></span> <span class='ocrx_word' id='word_1_43' title='bbox 686 547 734 604; x_wconf 75' lang='grc' dir='ltr'><strong>ἢν</strong></span> <span class='ocrx_word' id='word_1_44' title='bbox 762 553 804 600; x_wconf 77' lang='grc' dir='ltr'><strong>ἐς</strong></span> <span class='ocrx_word' id='word_1_45' title='bbox 832 551 907 603; x_wconf 70' lang='grc' dir='ltr'><strong><em>τήν</em></strong></span> <span class='ocrx_word' id='word_1_46' title='bbox 933 547 1084 591; x_wconf 68' lang='grc' dir='ltr'><strong><em>ἑαυτοῦ</em></strong></span> <span class='ocrx_word' id='word_1_47' title='bbox 1113 551 1293 608; x_wconf 77' lang='grc' dir='ltr'><strong><em>ἐσβαλλῃ</em></strong></span> <span class='ocrx_word' id='word_1_48' title='bbox 1326 551 1347 593; x_wconf 79' lang='grc' dir='ltr'>ὅ</span> <span class='ocrx_word' id='word_1_49' title='bbox 1378 555 1453 594; x_wconf 78' lang='grc' dir='ltr'><strong>τοῦ</strong></span> <span class='ocrx_word' id='word_1_50' title='bbox 1479 556 1714 606; x_wconf 76' lang='grc' dir='ltr'><strong><em>βασιλέωςδ</em></strong></span> 
     </span>
     <span class='ocr_line' id='line_1_7' title="bbox 246 611 435 666; baseline 0.011 -11"><span class='ocrx_word' id='word_1_51' title='bbox 246 611 435 666; x_wconf 83' lang='grc' dir='ltr'><strong><em>στρατός.</em></strong></span> 
     </span>
    </p>

    <p class='ocr_par' dir='ltr' id='par_1_3' title="bbox 208 675 1737 1382">
     <span class='ocr_line' id='line_1_8' title="bbox 208 675 1682 735; baseline 0.003 -16"><span class='ocrx_word' id='word_1_52' title='bbox 208 688 236 719; x_wconf 87' lang='lat' dir='ltr'>C</span> <span class='ocrx_word' id='word_1_53' title='bbox 353 676 565 728; x_wconf 74' lang='grc' dir='ltr'><strong><em>Ἐπανειμι</em></strong></span> <span class='ocrx_word' id='word_1_54' title='bbox 605 678 650 718; x_wconf 75' lang='grc' dir='ltr'><strong>δὲ</strong></span> <span class='ocrx_word' id='word_1_55' title='bbox 679 675 745 718; x_wconf 77' lang='grc' dir='ltr'><strong>ἐπ’</strong></span> <span class='ocrx_word' id='word_1_56' title='bbox 773 678 903 718; x_wconf 77' lang='grc' dir='ltr'><strong><em>έκεῖνο</em></strong></span> <span class='ocrx_word' id='word_1_57' title='bbox 943 680 1017 719; x_wconf 80' lang='grc' dir='ltr'><strong>τοῦ</strong></span> <span class='ocrx_word' id='word_1_58' title='bbox 1044 680 1185 731; x_wconf 82' lang='grc' dir='ltr'><em>λόγου,</em></span> <span class='ocrx_word' id='word_1_59' title='bbox 1211 675 1239 735; x_wconf 82' lang='grc' dir='ltr'><em>ᾗ</em></span> <span class='ocrx_word' id='word_1_60' title='bbox 1267 678 1466 734; x_wconf 82' lang='grc' dir='ltr'><strong><em>πρότερόν</em></strong></span> <span class='ocrx_word' id='word_1_61' title='bbox 1493 696 1566 734; x_wconf 88' lang='grc' dir='ltr'><strong>μοι</strong></span> <span class='ocrx_word' id='word_1_62' title='bbox 1593 683 1682 723; x_wconf 78' lang='grc' dir='ltr'><strong><em>ἐδε-</em></strong></span> 
     </span>
     <span class='ocr_line' id='line_1_9' title="bbox 247 740 1680 802; baseline 0.002 -20"><span class='ocrx_word' id='word_1_63' title='bbox 247 740 405 795; x_wconf 75' lang='grc' dir='ltr'><strong><em>δὴλωτο</em></strong></span> <span class='ocrx_word' id='word_1_64' title='bbox 435 742 492 790; x_wconf 78' lang='grc' dir='ltr'><strong>ὥς</strong></span> <span class='ocrx_word' id='word_1_65' title='bbox 518 742 612 784; x_wconf 82' lang='grc' dir='ltr'><strong>έπεί</strong></span> <span class='ocrx_word' id='word_1_66' title='bbox 636 740 709 782; x_wconf 80' lang='grc' dir='ltr'><strong>τὸν</strong></span> <span class='ocrx_word' id='word_1_67' title='bbox 736 744 912 793; x_wconf 79' lang='grc' dir='ltr'><strong><em>βασιλέα</em></strong></span> <span class='ocrx_word' id='word_1_68' title='bbox 949 746 1159 796; x_wconf 85' lang='grc' dir='ltr'><strong><em>παρέλαβε</em></strong></span> <span class='ocrx_word' id='word_1_69' title='bbox 1189 745 1507 802; x_wconf 69' lang='grc' dir='ltr'><strong><em>ΙΥΙαχουμούῐης</em></strong></span> <span class='ocrx_word' id='word_1_70' title='bbox 1537 745 1559 789; x_wconf 83' lang='grc' dir='ltr'><em>ὃ</em></span> <span class='ocrx_word' id='word_1_71' title='bbox 1587 750 1680 790; x_wconf 84' lang='grc' dir='ltr'><strong>Μι-</strong></span> 
     </span>
     <span class='ocr_line' id='line_1_10' title="bbox 244 803 1680 862; baseline 0.006 -16"><span class='ocrx_word' id='word_1_72' title='bbox 244 805 425 860; x_wconf 78' lang='grc' dir='ltr'><strong><em>χαήλου,</em></strong></span> <span class='ocrx_word' id='word_1_73' title='bbox 451 807 531 848; x_wconf 79' lang='grc' dir='ltr'><strong>σύν</strong></span> <span class='ocrx_word' id='word_1_74' title='bbox 559 806 690 862; x_wconf 75' lang='grc' dir='ltr'><strong><em>τούτῳ</em></strong></span> <span class='ocrx_word' id='word_1_75' title='bbox 717 806 889 858; x_wconf 79' lang='grc' dir='ltr'><strong><em>περιιών</em></strong></span> <span class='ocrx_word' id='word_1_76' title='bbox 918 805 994 855; x_wconf 73' lang='grc' dir='ltr'><strong>τὰς</strong></span> <span class='ocrx_word' id='word_1_77' title='bbox 1028 803 1156 857; x_wconf 72' lang='grc' dir='ltr'><strong><em>ἄλλας</em></strong></span> <span class='ocrx_word' id='word_1_78' title='bbox 1184 809 1323 857; x_wconf 88' lang='grc' dir='ltr'><strong><em>πόλεις</em></strong></span> <span class='ocrx_word' id='word_1_79' title='bbox 1351 811 1608 854; x_wconf 71' lang='grc' dir='ltr'><strong><em>έπεδείκνυτό</em></strong></span> <span class='ocrx_word' id='word_1_80' title='bbox 1639 828 1680 855; x_wconf 79' lang='grc' dir='ltr'><strong>τε</strong></span> 
     </span>
     <span class='ocr_line' id='line_1_11' title="bbox 245 869 1737 930; baseline 0.005 -19"><span class='ocrx_word' id='word_1_81' title='bbox 245 872 562 922; x_wconf 76' lang='grc' dir='ltr'><strong><em>τὸνβασιλέα,</em></strong></span> <span class='ocrx_word' id='word_1_82' title='bbox 605 874 678 910; x_wconf 82' lang='grc' dir='ltr'><em>καί</em></span> <span class='ocrx_word' id='word_1_83' title='bbox 714 871 1021 922; x_wconf 76' lang='grc' dir='ltr'><strong><em>προσεχώρουν.</em></strong></span> <span class='ocrx_word' id='word_1_84' title='bbox 1089 869 1109 912; x_wconf 82' lang='grc' dir='ltr'><em>ὃ</em></span> <span class='ocrx_word' id='word_1_85' title='bbox 1153 876 1231 925; x_wconf 83' lang='grc' dir='ltr'><strong>μὲν</strong></span> <span class='ocrx_word' id='word_1_86' title='bbox 1277 873 1326 927; x_wconf 67' lang='grc' dir='ltr'><strong>δή</strong></span> <span class='ocrx_word' id='word_1_87' title='bbox 1365 874 1680 930; x_wconf 76' lang='grc' dir='ltr'><strong><em>Μαχονμούτης</em></strong></span> <span class='ocrx_word' id='word_1_88' title='bbox 1696 887 1737 919; x_wconf 83' lang='lat'><strong>10</strong></span> 
     </span>
     <span class='ocr_line' id='line_1_12' title="bbox 245 931 1683 993; baseline 0.003 -17"><span class='ocrx_word' id='word_1_89' title='bbox 245 936 361 990; x_wconf 81' lang='grc' dir='ltr'><strong><em>α’μφί</em></strong></span> <span class='ocrx_word' id='word_1_90' title='bbox 399 937 448 977; x_wconf 83' lang='grc' dir='ltr'><strong>τὰ</strong></span> <span class='ocrx_word' id='word_1_91' title='bbox 476 937 650 977; x_wconf 77' lang='grc' dir='ltr'><strong><em>τοιαῦτα</em></strong></span> <span class='ocrx_word' id='word_1_92' title='bbox 679 931 802 987; x_wconf 82' lang='grc' dir='ltr'><strong><em>εἶχεν,</em></strong></span> <span class='ocrx_word' id='word_1_93' title='bbox 834 934 989 990; x_wconf 82' lang='grc' dir='ltr'><strong><em>Ὀμάρη</em></strong></span> <span class='ocrx_word' id='word_1_94' title='bbox 1027 938 1072 977; x_wconf 80' lang='grc' dir='ltr'><strong>δὲ</strong></span> <span class='ocrx_word' id='word_1_95' title='bbox 1098 935 1168 979; x_wconf 80' lang='grc' dir='ltr'><strong>τὸν</strong></span> <span class='ocrx_word' id='word_1_96' title='bbox 1200 938 1476 991; x_wconf 82' lang='grc' dir='ltr'><strong><em>Τουραχοὶνεω</em></strong></span> <span class='ocrx_word' id='word_1_97' title='bbox 1510 942 1683 993; x_wconf 83' lang='grc' dir='ltr'><em>πέμπων</em></span> 
     </span>
     <span class='ocr_line' id='line_1_13' title="bbox 245 999 1682 1058; baseline 0.004 -17"><span class='ocrx_word' id='word_1_98' title='bbox 245 1003 317 1041; x_wconf 57' lang='lat' dir='ltr'><strong>eim*</strong></span> <span class='ocrx_word' id='word_1_99' title='bbox 342 1000 416 1048; x_wconf 77' lang='grc' dir='ltr'><strong><em>τας</em></strong></span> <span class='ocrx_word' id='word_1_100' title='bbox 442 1000 587 1048; x_wconf 76' lang='grc' dir='ltr'><strong><em>λοιπάς</em></strong></span> <span class='ocrx_word' id='word_1_101' title='bbox 632 1003 706 1053; x_wconf 79' lang='grc' dir='ltr'><strong>τῆς</strong></span> <span class='ocrx_word' id='word_1_102' title='bbox 746 1002 953 1052; x_wconf 71' lang='grc' dir='ltr'><strong><em>Ἱλλυριῶν</em></strong></span> <span class='ocrx_word' id='word_1_103' title='bbox 987 999 1128 1055; x_wconf 79' lang='grc' dir='ltr'><strong><em>χώρας</em></strong></span> <span class='ocrx_word' id='word_1_104' title='bbox 1164 1002 1322 1057; x_wconf 80' lang='grc' dir='ltr'><strong><em>πόλεις,</em></strong></span> <span class='ocrx_word' id='word_1_105' title='bbox 1350 1003 1477 1052; x_wconf 70' lang='grc' dir='ltr'><strong><em>αὐτὸς</em></strong></span> <span class='ocrx_word' id='word_1_106' title='bbox 1507 999 1682 1058; x_wconf 73' lang='grc' dir='ltr'><strong><em>ἤλαυνεν</em></strong></span> 
     </span>
     <span class='ocr_line' id='line_1_14' title="bbox 245 1064 1682 1123; baseline 0.003 -17"><span class='ocrx_word' id='word_1_107' title='bbox 245 1064 315 1106; x_wconf 77' lang='grc' dir='ltr'><strong>ἐπί</strong></span> <span class='ocrx_word' id='word_1_108' title='bbox 342 1064 398 1106; x_wconf 58' lang='grc' dir='ltr'><strong>τὸ&gt;</strong></span> <span class='ocrx_word' id='word_1_109' title='bbox 417 1066 623 1117; x_wconf 83' lang='grc' dir='ltr'><strong><em>βασιλέως</em></strong></span> <span class='ocrx_word' id='word_1_110' title='bbox 652 1065 945 1118; x_wconf 84' lang='grc' dir='ltr'><strong><em>στρατόπεδον.</em></strong></span> <span class='ocrx_word' id='word_1_111' title='bbox 983 1067 1052 1106; x_wconf 81' lang='grc' dir='ltr'><em>καί</em></span> <span class='ocrx_word' id='word_1_112' title='bbox 1079 1064 1100 1105; x_wconf 80' lang='grc' dir='ltr'>ὅ</span> <span class='ocrx_word' id='word_1_113' title='bbox 1129 1068 1207 1117; x_wconf 76' lang='grc' dir='ltr'><strong>μὲν</strong></span> <span class='ocrx_word' id='word_1_114' title='bbox 1231 1067 1427 1119; x_wconf 68' lang='grc' dir='ltr'><strong><em>βασιλεύς</em></strong></span> <span class='ocrx_word' id='word_1_115' title='bbox 1455 1064 1610 1123; x_wconf 76' lang='grc' dir='ltr'><strong><em>ἤχθετό</em></strong></span> <span class='ocrx_word' id='word_1_116' title='bbox 1639 1068 1682 1112; x_wconf 82' lang='grc' dir='ltr'><strong>τε</strong></span> 
     </span>
     <span class='ocr_line' id='line_1_15' title="bbox 243 1127 1681 1186; baseline 0.006 -18"><span class='ocrx_word' id='word_1_117' title='bbox 243 1131 302 1185; x_wconf 73' lang='grc' dir='ltr'><strong>τῷ</strong></span> <span class='ocrx_word' id='word_1_118' title='bbox 345 1127 452 1184; x_wconf 73' lang='grc' dir='ltr'><strong>ὅρκῳ</strong></span> <span class='ocrx_word' id='word_1_119' title='bbox 490 1131 560 1169; x_wconf 85' lang='grc' dir='ltr'>καί</span> <span class='ocrx_word' id='word_1_120' title='bbox 589 1131 883 1182; x_wconf 79' lang='grc' dir='ltr'><strong><em>ἐχαλέπαινεν,</em></strong></span> <span class='ocrx_word' id='word_1_121' title='bbox 928 1129 982 1175; x_wconf 77' lang='grc' dir='ltr'><strong>ὥς</strong></span> <span class='ocrx_word' id='word_1_122' title='bbox 1018 1130 1092 1169; x_wconf 71' lang='grc' dir='ltr'><strong>οὐκ</strong></span> <span class='ocrx_word' id='word_1_123' title='bbox 1135 1133 1179 1172; x_wconf 82' lang='grc' dir='ltr'><strong>έν</strong></span> <span class='ocrx_word' id='word_1_124' title='bbox 1207 1134 1339 1172; x_wconf 81' lang='grc' dir='ltr'><strong><em>δέοντι</em></strong></span> <span class='ocrx_word' id='word_1_125' title='bbox 1367 1131 1580 1186; x_wconf 82' lang='grc' dir='ltr'><strong><em>ποιήσαιτο</em></strong></span> <span class='ocrx_word' id='word_1_126' title='bbox 1610 1134 1681 1176; x_wconf 81' lang='grc' dir='ltr'><strong>τὸν</strong></span> 
     </span>
     <span class='ocr_line' id='line_1_16' title="bbox 245 1190 1737 1253; baseline 0.007 -22"><span class='ocrx_word' id='word_1_127' title='bbox 245 1190 366 1244; x_wconf 77' lang='grc' dir='ltr'><strong><em>ὅρκον</em></strong></span> <span class='ocrx_word' id='word_1_128' title='bbox 394 1194 451 1249; x_wconf 71' lang='grc' dir='ltr'><strong>τῷ</strong></span> <span class='ocrx_word' id='word_1_129' title='bbox 480 1196 651 1245; x_wconf 81' lang='grc' dir='ltr'><strong><em>βασιλεῖ</em></strong></span> <span class='ocrx_word' id='word_1_130' title='bbox 675 1195 755 1233; x_wconf 76' lang='grc' dir='ltr'><strong><em>τῶν</em></strong></span> <span class='ocrx_word' id='word_1_131' title='bbox 780 1193 999 1247; x_wconf 79' lang='grc' dir='ltr'><strong><em>Ἰλλυριῶν</em></strong></span> <span class='ocrx_word' id='word_1_132' title='bbox 1018 1226 1029 1247; x_wconf 86' lang='lat'><strong>,</strong></span> <span class='ocrx_word' id='word_1_133' title='bbox 1058 1193 1131 1235; x_wconf 88' lang='grc' dir='ltr'><strong>τόν</strong></span> <span class='ocrx_word' id='word_1_134' title='bbox 1159 1198 1300 1246; x_wconf 84' lang='grc' dir='ltr'><strong><em>μέντοι</em></strong></span> <span class='ocrx_word' id='word_1_135' title='bbox 1324 1199 1500 1248; x_wconf 84' lang='grc' dir='ltr'><strong><em>βασιλέα</em></strong></span> <span class='ocrx_word' id='word_1_136' title='bbox 1527 1197 1569 1246; x_wconf 74' lang='grc' dir='ltr'><strong>ἐς</strong></span> <span class='ocrx_word' id='word_1_137' title='bbox 1596 1214 1681 1253; x_wconf 83' lang='grc' dir='ltr'><strong>φυ-</strong></span> <span class='ocrx_word' id='word_1_138' title='bbox 1696 1209 1737 1242; x_wconf 87' lang='grc'><strong>15</strong></span> 
     </span>
     <span class='ocr_line' id='line_1_17' title="bbox 243 1256 1682 1316; baseline 0.005 -18"><span class='ocrx_word' id='word_1_139' title='bbox 243 1256 371 1310; x_wconf 65' lang='grc' dir='ltr'><strong><em>λακὴν</em></strong></span> <span class='ocrx_word' id='word_1_140' title='bbox 399 1258 673 1311; x_wconf 77' lang='grc' dir='ltr'><strong><em>ποιησάμενος</em></strong></span> <span class='ocrx_word' id='word_1_141' title='bbox 705 1260 895 1311; x_wconf 79' lang='grc' dir='ltr'><strong>περιῆγεν</strong></span> <span class='ocrx_word' id='word_1_142' title='bbox 933 1259 1118 1300; x_wconf 80' lang='grc' dir='ltr'><strong><em>ἐλαύνων</em></strong></span> <span class='ocrx_word' id='word_1_143' title='bbox 1153 1259 1222 1300; x_wconf 73' lang='grc' dir='ltr'><strong><em>διὰ</em></strong></span> <span class='ocrx_word' id='word_1_144' title='bbox 1251 1261 1322 1314; x_wconf 77' lang='grc' dir='ltr'><strong>τῆς</strong></span> <span class='ocrx_word' id='word_1_145' title='bbox 1348 1260 1572 1304; x_wconf 79' lang='grc' dir='ltr'><strong><em>Σανδάλεω</em></strong></span> <span class='ocrx_word' id='word_1_146' title='bbox 1597 1264 1682 1316; x_wconf 75' lang='grc' dir='ltr'><strong>χώ-</strong></span> 
     </span>
     <span class='ocr_line' id='line_1_18' title="bbox 241 1321 1680 1382; baseline 0.006 -21"><span class='ocrx_word' id='word_1_147' title='bbox 241 1337 340 1373; x_wconf 87' lang='grc' dir='ltr'><strong><em>ρας·</em></strong></span> <span class='ocrx_word' id='word_1_148' title='bbox 372 1321 412 1369; x_wconf 82' lang='grc' dir='ltr'><strong>ές</strong></span> <span class='ocrx_word' id='word_1_149' title='bbox 439 1321 517 1375; x_wconf 74' lang='grc' dir='ltr'><strong>γὰρ</strong></span> <span class='ocrx_word' id='word_1_150' title='bbox 548 1321 623 1375; x_wconf 74' lang='grc' dir='ltr'><strong>τήν</strong></span> <span class='ocrx_word' id='word_1_151' title='bbox 646 1323 865 1375; x_wconf 74' lang='grc' dir='ltr'><strong><em>Ἰλλυριῶν</em></strong></span> <span class='ocrx_word' id='word_1_152' title='bbox 891 1322 940 1364; x_wconf 80' lang='grc' dir='ltr'><strong>τὰ</strong></span> <span class='ocrx_word' id='word_1_153' title='bbox 969 1325 1043 1373; x_wconf 82' lang='grc' dir='ltr'><strong>μὲν</strong></span> <span class='ocrx_word' id='word_1_154' title='bbox 1071 1324 1200 1371; x_wconf 66' lang='grc' dir='ltr'><strong><em>αὐτὸς</em></strong></span> <span class='ocrx_word' id='word_1_155' title='bbox 1226 1325 1426 1377; x_wconf 77' lang='grc' dir='ltr'><strong><em>βασιλευς</em></strong></span> <span class='ocrx_word' id='word_1_156' title='bbox 1455 1343 1680 1382; x_wconf 81' lang='grc' dir='ltr'><strong><em>καταστρε-</em></strong></span> 
     </span>
    </p>

    <p class='ocr_par' dir='ltr' id='par_1_4' title="bbox 200 1386 1738 1639">
     <span class='ocr_line' id='line_1_19' title="bbox 200 1386 1680 1446; baseline 0.004 -18"><span class='ocrx_word' id='word_1_157' title='bbox 200 1386 429 1438; x_wconf 79' lang='grc' dir='ltr'><strong><em>Βψοίμενος</em></strong></span> <span class='ocrx_word' id='word_1_158' title='bbox 473 1387 725 1441; x_wconf 80' lang='grc' dir='ltr'><strong>ὑπηγάγετο,</strong></span> <span class='ocrx_word' id='word_1_159' title='bbox 774 1386 823 1427; x_wconf 78' lang='grc' dir='ltr'><strong>τὰ</strong></span> <span class='ocrx_word' id='word_1_160' title='bbox 869 1389 914 1428; x_wconf 79' lang='grc' dir='ltr'><strong>δὲ</strong></span> <span class='ocrx_word' id='word_1_161' title='bbox 943 1387 1269 1440; x_wconf 77' lang='grc' dir='ltr'><strong><em>Μαχουμούτεω</em></strong></span> <span class='ocrx_word' id='word_1_162' title='bbox 1305 1395 1680 1446; x_wconf 85' lang='grc' dir='ltr'><strong><em>παραστησαμένου</em></strong></span> 
     </span>
     <span class='ocr_line' id='line_1_20' title="bbox 244 1449 1680 1511; baseline 0.005 -19"><span class='ocrx_word' id='word_1_163' title='bbox 244 1455 316 1493; x_wconf 76' lang='grc' dir='ltr'><strong><em>καί</em></strong></span> <span class='ocrx_word' id='word_1_164' title='bbox 336 1449 544 1505; x_wconf 80' lang='grc' dir='ltr'><strong><em>Ὀμάρεω.</em></strong></span> <span class='ocrx_word' id='word_1_165' title='bbox 615 1451 717 1493; x_wconf 79' lang='grc' dir='ltr'><strong><em>ἔνθα</em></strong></span> <span class='ocrx_word' id='word_1_166' title='bbox 747 1451 796 1506; x_wconf 72' lang='grc' dir='ltr'><em>δὴ</em></span> <span class='ocrx_word' id='word_1_167' title='bbox 825 1455 896 1493; x_wconf 71' lang='grc' dir='ltr'><strong><em>καί</em></strong></span> <span class='ocrx_word' id='word_1_168' title='bbox 921 1451 1097 1506; x_wconf 74' lang='grc' dir='ltr'><strong><em>Ὀμᾰρης</em></strong></span> <span class='ocrx_word' id='word_1_169' title='bbox 1125 1453 1312 1507; x_wconf 70' lang='grc' dir='ltr'><strong><em>σπουδήν</em></strong></span> <span class='ocrx_word' id='word_1_170' title='bbox 1339 1456 1582 1509; x_wconf 74' lang='grc' dir='ltr'><strong><em>ποιούμενος</em></strong></span> <span class='ocrx_word' id='word_1_171' title='bbox 1607 1458 1680 1511; x_wconf 70' lang='grc' dir='ltr'><strong><em>τῆν</em></strong></span> 
     </span>
     <span class='ocr_line' id='line_1_21' title="bbox 241 1512 1738 1575; baseline 0.005 -19"><span class='ocrx_word' id='word_1_172' title='bbox 241 1516 400 1569; x_wconf 75' lang='grc' dir='ltr'><strong><em>χώραν,</em></strong></span> <span class='ocrx_word' id='word_1_173' title='bbox 431 1513 507 1570; x_wconf 80' lang='grc' dir='ltr'><strong>ὅση</strong></span> <span class='ocrx_word' id='word_1_174' title='bbox 537 1515 760 1564; x_wconf 77' lang='grc' dir='ltr'><strong><em>ὑπόλοιπος</em></strong></span> <span class='ocrx_word' id='word_1_175' title='bbox 788 1512 854 1569; x_wconf 73' lang='grc' dir='ltr'><strong><em>ἦν,</em></strong></span> <span class='ocrx_word' id='word_1_176' title='bbox 883 1516 963 1556; x_wconf 76' lang='grc' dir='ltr'><strong>ὑπὸ</strong></span> <span class='ocrx_word' id='word_1_177' title='bbox 994 1519 1050 1572; x_wconf 74' lang='grc' dir='ltr'><strong>τῷ</strong></span> <span class='ocrx_word' id='word_1_178' title='bbox 1074 1520 1245 1569; x_wconf 80' lang='grc' dir='ltr'><strong><em>βασιλεῖ</em></strong></span> <span class='ocrx_word' id='word_1_179' title='bbox 1268 1522 1476 1573; x_wconf 79' lang='grc' dir='ltr'><strong><em>γενέσθαι,</em></strong></span> <span class='ocrx_word' id='word_1_180' title='bbox 1507 1520 1610 1575; x_wconf 74' lang='grc' dir='ltr'><strong><em>α’νὴρ</em></strong></span> <span class='ocrx_word' id='word_1_181' title='bbox 1637 1539 1676 1564; x_wconf 81' lang='grc' dir='ltr'><strong>τε</strong></span> <span class='ocrx_word' id='word_1_182' title='bbox 1690 1531 1738 1564; x_wconf 76' lang='lat'><strong>20</strong></span> 
     </span>
     <span class='ocr_line' id='line_1_22' title="bbox 243 1578 1679 1639; baseline 0.005 -18"><span class='ocrx_word' id='word_1_183' title='bbox 243 1578 358 1631; x_wconf 78' lang='grc' dir='ltr'><strong><em>ἔδοξε</em></strong></span> <span class='ocrx_word' id='word_1_184' title='bbox 387 1583 470 1622; x_wconf 75' lang='grc' dir='ltr'><strong>τῶν</strong></span> <span class='ocrx_word' id='word_1_185' title='bbox 496 1579 541 1622; x_wconf 81' lang='grc' dir='ltr'><strong>ὲν</strong></span> <span class='ocrx_word' id='word_1_186' title='bbox 564 1586 654 1629; x_wconf 88' lang='grc' dir='ltr'><strong><em>ταῖς</em></strong></span> <span class='ocrx_word' id='word_1_187' title='bbox 695 1584 900 1633; x_wconf 84' lang='grc' dir='ltr'><strong><em>βασιλέως</em></strong></span> <span class='ocrx_word' id='word_1_188' title='bbox 927 1579 1079 1635; x_wconf 75' lang='grc' dir='ltr'><strong><em>θύραις</em></strong></span> <span class='ocrx_word' id='word_1_189' title='bbox 1109 1581 1439 1634; x_wconf 76' lang='grc' dir='ltr'><strong><em>εὐδοκιμούντων</em></strong></span> <span class='ocrx_word' id='word_1_190' title='bbox 1467 1585 1679 1639; x_wconf 79' lang='grc' dir='ltr'><strong><em>κράτιστος</em></strong></span> 
     </span>
    </p>
   </div>
   <div class='ocr_carea' id='block_1_3' title="bbox 252 186 1344 236">
    <p class='ocr_par' dir='ltr' id='par_1_5' title="bbox 252 186 1344 236">
     <span class='ocr_line' id='line_1_23' title="bbox 252 186 1344 236; baseline 0.002 -2"><span class='ocrx_word' id='word_1_191' title='bbox 252 186 345 235; x_wconf 74' lang='lat'><strong>542</strong></span> <span class='ocrx_word' id='word_1_192' title='bbox 583 195 803 235; x_wconf 74' lang='lat' dir='ltr'><strong>LAONici</strong></span> <span class='ocrx_word' id='word_1_193' title='bbox 838 195 1344 236; x_wconf 65' lang='lat' dir='ltr'><strong>cuAmocoNDYLAE</strong></span> 
     </span>
    </p>
   </div>
   <div class='ocr_carea' id='block_1_4' title="bbox 241 1764 1677 2042">
    <p class='ocr_par' dir='ltr' id='par_1_6' title="bbox 241 1764 1677 2042">
     <span class='ocr_line' id='line_1_24' title="bbox 245 1764 1677 1810; baseline 0.006 -13"><span class='ocrx_word' id='word_1_194' title='bbox 245 1765 422 1798; x_wconf 81' lang='lat' dir='ltr'><strong>monendo</strong></span> <span class='ocrx_word' id='word_1_195' title='bbox 456 1770 493 1797; x_wconf 86' lang='lat' dir='ltr'><strong>et</strong></span> <span class='ocrx_word' id='word_1_196' title='bbox 519 1764 738 1797; x_wconf 85' lang='lat' dir='ltr'><strong>consulendo</strong></span> <span class='ocrx_word' id='word_1_197' title='bbox 768 1770 902 1798; x_wconf 79' lang='lat' dir='ltr'><strong>tantum</strong></span> <span class='ocrx_word' id='word_1_198' title='bbox 929 1766 1104 1810; x_wconf 80' lang='lat' dir='ltr'><strong>profecit,</strong></span> <span class='ocrx_word' id='word_1_199' title='bbox 1129 1773 1168 1800; x_wconf 81' lang='lat' dir='ltr'><strong>ut</strong></span> <span class='ocrx_word' id='word_1_200' title='bbox 1193 1768 1386 1802; x_wconf 80' lang='lat' dir='ltr'><strong>Tui-corum</strong></span> <span class='ocrx_word' id='word_1_201' title='bbox 1414 1771 1588 1804; x_wconf 79' lang='lat' dir='ltr'><strong>exercitus</strong></span> <span class='ocrx_word' id='word_1_202' title='bbox 1613 1772 1677 1805; x_wconf 87' lang='lat' dir='ltr'><strong>ad-</strong></span> 
     </span>
     <span class='ocr_line' id='line_1_25' title="bbox 243 1812 1677 1860; baseline 0.006 -17"><span class='ocrx_word' id='word_1_203' title='bbox 243 1812 378 1844; x_wconf 74' lang='lat' dir='ltr'><strong>veniret</strong></span> <span class='ocrx_word' id='word_1_204' title='bbox 401 1816 437 1843; x_wconf 86' lang='lat' dir='ltr'><strong>et</strong></span> <span class='ocrx_word' id='word_1_205' title='bbox 465 1812 642 1854; x_wconf 82' lang='lat' dir='ltr'>regionem</span> <span class='ocrx_word' id='word_1_206' title='bbox 668 1813 756 1854; x_wconf 83' lang='lat' dir='ltr'><strong>regis</strong></span> <span class='ocrx_word' id='word_1_207' title='bbox 783 1813 933 1855; x_wconf 82' lang='lat' dir='ltr'><strong>graviter</strong></span> <span class='ocrx_word' id='word_1_208' title='bbox 959 1813 1165 1856; x_wconf 81' lang='lat' dir='ltr'><strong>populando</strong></span> <span class='ocrx_word' id='word_1_209' title='bbox 1194 1822 1443 1860; x_wconf 81' lang='lat' dir='ltr'><strong>corrumperet.</strong></span> <span class='ocrx_word' id='word_1_210' title='bbox 1491 1818 1556 1850; x_wconf 84' lang='lat' dir='ltr'><strong>sub</strong></span> <span class='ocrx_word' id='word_1_211' title='bbox 1583 1818 1677 1850; x_wconf 86' lang='lat' dir='ltr'><strong>idem</strong></span> 
     </span>
     <span class='ocr_line' id='line_1_26' title="bbox 241 1858 1676 1906; baseline 0.005 -16"><span class='ocrx_word' id='word_1_212' title='bbox 241 1863 380 1901; x_wconf 85' lang='lat' dir='ltr'><strong>tempus</strong></span> <span class='ocrx_word' id='word_1_213' title='bbox 409 1868 487 1888; x_wconf 88' lang='lat' dir='ltr'><strong>cum</strong></span> <span class='ocrx_word' id='word_1_214' title='bbox 516 1858 606 1889; x_wconf 86' lang='lat' dir='ltr'><strong>fama</strong></span> <span class='ocrx_word' id='word_1_215' title='bbox 630 1858 769 1890; x_wconf 80' lang='lat' dir='ltr'>volaret</span> <span class='ocrx_word' id='word_1_216' title='bbox 794 1859 881 1902; x_wconf 81' lang='lat' dir='ltr'><strong>regis</strong></span> <span class='ocrx_word' id='word_1_217' title='bbox 908 1859 1027 1903; x_wconf 85' lang='lat' dir='ltr'><strong>copias</strong></span> <span class='ocrx_word' id='word_1_218' title='bbox 1052 1859 1219 1894; x_wconf 79' lang='lat' dir='ltr'>accedere</span> <span class='ocrx_word' id='word_1_219' title='bbox 1245 1867 1366 1894; x_wconf 84' lang='lat' dir='ltr'><strong>contra</strong></span> <span class='ocrx_word' id='word_1_220' title='bbox 1390 1863 1590 1906; x_wconf 84' lang='lat' dir='ltr'><strong>lllyriorum</strong></span> <span class='ocrx_word' id='word_1_221' title='bbox 1619 1876 1676 1897; x_wconf 84' lang='lat' dir='ltr'><strong>re-</strong></span> 
     </span>
     <span class='ocr_line' id='line_1_27' title="bbox 242 1904 1676 1950; baseline 0.006 -15"><span class='ocrx_word' id='word_1_222' title='bbox 242 1914 330 1946; x_wconf 75' lang='lat' dir='ltr'><strong>gem,</strong></span> <span class='ocrx_word' id='word_1_223' title='bbox 356 1914 421 1935; x_wconf 88' lang='lat' dir='ltr'><strong>nee</strong></span> <span class='ocrx_word' id='word_1_224' title='bbox 448 1905 522 1947; x_wconf 87' lang='lat' dir='ltr'><strong>ipse</strong></span> <span class='ocrx_word' id='word_1_225' title='bbox 550 1914 586 1935; x_wconf 91' lang='lat' dir='ltr'><strong>se</strong></span> <span class='ocrx_word' id='word_1_226' title='bbox 612 1914 735 1947; x_wconf 83' lang='lat' dir='ltr'><strong>parare</strong></span> <span class='ocrx_word' id='word_1_227' title='bbox 768 1904 965 1944; x_wconf 73' lang='lat' dir='ltr'><strong>intermisit,</strong></span> <span class='ocrx_word' id='word_1_228' title='bbox 994 1910 1033 1938; x_wconf 88' lang='lat' dir='ltr'><strong>ut</strong></span> <span class='ocrx_word' id='word_1_229' title='bbox 1057 1907 1190 1950; x_wconf 82' lang='lat' dir='ltr'><strong>regium</strong></span> <span class='ocrx_word' id='word_1_230' title='bbox 1219 1909 1436 1950; x_wconf 84' lang='lat' dir='ltr'><strong>exercitum,</strong></span> <span class='ocrx_word' id='word_1_231' title='bbox 1463 1910 1492 1942; x_wconf 90' lang='lat' dir='ltr'><strong>si</strong></span> <span class='ocrx_word' id='word_1_232' title='bbox 1517 1910 1555 1942; x_wconf 87' lang='lat' dir='ltr'><strong>in</strong></span> <span class='ocrx_word' id='word_1_233' title='bbox 1580 1921 1676 1943; x_wconf 87' lang='lat' dir='ltr'><strong>suam</strong></span> 
     </span>
     <span class='ocr_line' id='line_1_28' title="bbox 244 1949 1677 2001; baseline 0.006 -20"><span class='ocrx_word' id='word_1_234' title='bbox 244 1951 423 1992; x_wconf 74' lang='lat' dir='ltr'><strong>regionem</strong></span> <span class='ocrx_word' id='word_1_235' title='bbox 451 1949 728 1994; x_wconf 83' lang='lat' dir='ltr'>populabundus</span> <span class='ocrx_word' id='word_1_236' title='bbox 756 1950 1009 1993; x_wconf 78' lang='lat' dir='ltr'><strong>ingrederetur,</strong></span> <span class='ocrx_word' id='word_1_237' title='bbox 1035 1951 1061 1983; x_wconf 83' lang='lat' dir='ltr'><strong>si</strong></span> <span class='ocrx_word' id='word_1_238' title='bbox 1082 1952 1166 1998; x_wconf 87' lang='lat' dir='ltr'><strong>quid</strong></span> <span class='ocrx_word' id='word_1_239' title='bbox 1193 1960 1312 1998; x_wconf 85' lang='lat' dir='ltr'><strong>posset</strong></span> <span class='ocrx_word' id='word_1_240' title='bbox 1337 1957 1452 1996; x_wconf 82' lang='lat' dir='ltr'><strong>armis,</strong></span> <span class='ocrx_word' id='word_1_241' title='bbox 1476 1967 1496 1989; x_wconf 83' lang='lat' dir='ltr'><strong>a</strong></span> <span class='ocrx_word' id='word_1_242' title='bbox 1521 1958 1677 2001; x_wconf 80' lang='lat' dir='ltr'><strong>popula-</strong></span> 
     </span>
     <span class='ocr_line' id='line_1_29' title="bbox 244 1995 1073 2042; baseline -0.001 -13"><span class='ocrx_word' id='word_1_243' title='bbox 244 1995 402 2029; x_wconf 84' lang='lat' dir='ltr'><strong>tionibus</strong></span> <span class='ocrx_word' id='word_1_244' title='bbox 427 1995 632 2040; x_wconf 86' lang='lat' dir='ltr'><strong>prohiberet</strong></span> <span class='ocrx_word' id='word_1_245' title='bbox 658 2007 811 2040; x_wconf 88' lang='lat' dir='ltr'><strong>eumque</strong></span> <span class='ocrx_word' id='word_1_246' title='bbox 836 1997 1073 2042; x_wconf 79' lang='lat' dir='ltr'><strong>propulsaret.</strong></span> 
     </span>
    </p>
   </div>
   <div class='ocr_carea' id='block_1_5' title="bbox 238 2051 1676 2749">
    <p class='ocr_par' dir='ltr' id='par_1_7' title="bbox 238 2051 1676 2749">
     <span class='ocr_line' id='line_1_30' title="bbox 335 2051 1672 2100; baseline 0.006 -17"><span class='ocrx_word' id='word_1_247' title='bbox 335 2052 438 2084; x_wconf 86' lang='lat' dir='ltr'><strong>Nunc</strong></span> <span class='ocrx_word' id='word_1_248' title='bbox 473 2063 515 2084; x_wconf 93' lang='lat' dir='ltr'><strong>eo</strong></span> <span class='ocrx_word' id='word_1_249' title='bbox 551 2051 666 2084; x_wconf 86' lang='lat' dir='ltr'><strong>redire</strong></span> <span class='ocrx_word' id='word_1_250' title='bbox 703 2052 819 2094; x_wconf 86' lang='lat' dir='ltr'><strong>libet,</strong></span> <span class='ocrx_word' id='word_1_251' title='bbox 855 2053 948 2086; x_wconf 86' lang='lat' dir='ltr'><strong>unde</strong></span> <span class='ocrx_word' id='word_1_252' title='bbox 974 2054 1011 2086; x_wconf 88' lang='lat' dir='ltr'><strong>in</strong></span> <span class='ocrx_word' id='word_1_253' title='bbox 1047 2054 1141 2087; x_wconf 88' lang='lat' dir='ltr'><strong>hunc</strong></span> <span class='ocrx_word' id='word_1_254' title='bbox 1166 2066 1360 2088; x_wconf 87' lang='lat' dir='ltr'><strong>sermonem</strong></span> <span class='ocrx_word' id='word_1_255' title='bbox 1385 2055 1560 2100; x_wconf 84' lang='lat' dir='ltr'><strong>digressus</strong></span> <span class='ocrx_word' id='word_1_256' title='bbox 1584 2069 1672 2092; x_wconf 74' lang='lat' dir='ltr'><strong>sum.</strong></span> 
     </span>
     <span class='ocr_line' id='line_1_31' title="bbox 241 2098 1674 2142; baseline 0.004 -12"><span class='ocrx_word' id='word_1_257' title='bbox 241 2102 430 2142; x_wconf 79' lang='lat' dir='ltr'><strong>postquam</strong></span> <span class='ocrx_word' id='word_1_258' title='bbox 456 2109 570 2141; x_wconf 83' lang='lat' dir='ltr'><strong>regem</strong></span> <span class='ocrx_word' id='word_1_259' title='bbox 596 2098 795 2140; x_wconf 88' lang='lat' dir='ltr'><strong>lllyriorum</strong></span> <span class='ocrx_word' id='word_1_260' title='bbox 826 2098 1067 2133; x_wconf 84' lang='lat' dir='ltr'><strong>Machumetes</strong></span> <span class='ocrx_word' id='word_1_261' title='bbox 1094 2101 1278 2135; x_wconf 83' lang='lat' dir='ltr'><strong>Michaelis</strong></span> <span class='ocrx_word' id='word_1_262' title='bbox 1313 2102 1407 2135; x_wconf 85' lang='lat' dir='ltr'><strong>filius</strong></span> <span class='ocrx_word' id='word_1_263' title='bbox 1437 2103 1473 2135; x_wconf 91' lang='lat' dir='ltr'><strong>in</strong></span> <span class='ocrx_word' id='word_1_264' title='bbox 1498 2103 1674 2140; x_wconf 72' lang='lat' dir='ltr'><strong>dicionem</strong></span> 
     </span>
     <span class='ocr_line' id='line_1_32' title="bbox 241 2144 1676 2191; baseline 0.005 -15"><span class='ocrx_word' id='word_1_265' title='bbox 241 2145 389 2188; x_wconf 82' lang='lat' dir='ltr'><strong>accepit,</strong></span> <span class='ocrx_word' id='word_1_266' title='bbox 415 2155 491 2177; x_wconf 88' lang='lat' dir='ltr'><strong>cum</strong></span> <span class='ocrx_word' id='word_1_267' title='bbox 515 2154 558 2176; x_wconf 89' lang='lat' dir='ltr'><strong>eo</strong></span> <span class='ocrx_word' id='word_1_268' title='bbox 584 2144 791 2176; x_wconf 85' lang='lat' dir='ltr'><strong>circumiens</strong></span> <span class='ocrx_word' id='word_1_269' title='bbox 818 2146 923 2178; x_wconf 86' lang='lat' dir='ltr'><strong>etiam</strong></span> <span class='ocrx_word' id='word_1_270' title='bbox 960 2151 1114 2179; x_wconf 81' lang='lat' dir='ltr'><strong>caeteras</strong></span> <span class='ocrx_word' id='word_1_271' title='bbox 1143 2147 1245 2180; x_wconf 88' lang='lat' dir='ltr'><strong>urbes</strong></span> <span class='ocrx_word' id='word_1_272' title='bbox 1275 2149 1343 2191; x_wconf 81' lang='lat' dir='ltr'><strong>regi</strong></span> <span class='ocrx_word' id='word_1_273' title='bbox 1373 2150 1565 2182; x_wconf 86' lang='lat' dir='ltr'><strong>Turcorum</strong></span> <span class='ocrx_word' id='word_1_274' title='bbox 1590 2151 1676 2182; x_wconf 83' lang='lat' dir='ltr'><strong>sub-</strong></span> 
     </span>
     <span class='ocr_line' id='line_1_33' title="bbox 241 2190 1676 2235; baseline 0.005 -13"><span class='ocrx_word' id='word_1_275' title='bbox 241 2191 398 2225; x_wconf 78' lang='lat' dir='ltr'><strong>iiciebat.</strong></span> <span class='ocrx_word' id='word_1_276' title='bbox 449 2195 486 2223; x_wconf 91' lang='lat' dir='ltr'><strong>et</strong></span> <span class='ocrx_word' id='word_1_277' title='bbox 511 2190 657 2235; x_wconf 84' lang='lat' dir='ltr'><strong>quidem</strong></span> <span class='ocrx_word' id='word_1_278' title='bbox 685 2191 773 2222; x_wconf 83' lang='lat' dir='ltr'><strong>circa</strong></span> <span class='ocrx_word' id='word_1_279' title='bbox 800 2190 888 2223; x_wconf 80' lang='lat' dir='ltr'><strong>haec</strong></span> <span class='ocrx_word' id='word_1_280' title='bbox 921 2193 1124 2225; x_wconf 81' lang='lat' dir='ltr'><strong>versabatur</strong></span> <span class='ocrx_word' id='word_1_281' title='bbox 1147 2193 1394 2227; x_wconf 84' lang='lat' dir='ltr'><strong>Machumetes.</strong></span> <span class='ocrx_word' id='word_1_282' title='bbox 1421 2194 1582 2228; x_wconf 81' lang='lat' dir='ltr'><strong>Omarem</strong></span> <span class='ocrx_word' id='word_1_283' title='bbox 1612 2207 1676 2230; x_wconf 78' lang='lat' dir='ltr'><strong>au·—</strong></span> 
     </span>
     <span class='ocr_line' id='line_1_34' title="bbox 242 2236 1674 2283; baseline 0.004 -14"><span class='ocrx_word' id='word_1_284' title='bbox 242 2242 314 2269; x_wconf 77' lang='lat' dir='ltr'><strong>teni</strong></span> <span class='ocrx_word' id='word_1_285' title='bbox 340 2236 554 2269; x_wconf 80' lang='lat' dir='ltr'><strong>Turaclianis</strong></span> <span class='ocrx_word' id='word_1_286' title='bbox 587 2236 699 2268; x_wconf 84' lang='lat' dir='ltr'><strong>filium</strong></span> <span class='ocrx_word' id='word_1_287' title='bbox 725 2236 870 2270; x_wconf 86' lang='lat' dir='ltr'><strong>iubebat</strong></span> <span class='ocrx_word' id='word_1_288' title='bbox 902 2249 979 2270; x_wconf 87' lang='lat' dir='ltr'><strong>cnm</strong></span> <span class='ocrx_word' id='word_1_289' title='bbox 1003 2240 1159 2272; x_wconf 84' lang='lat' dir='ltr'><strong>exercitu</strong></span> <span class='ocrx_word' id='word_1_290' title='bbox 1227 2250 1344 2283; x_wconf 81' lang='lat' dir='ltr'><strong>ergere</strong></span> <span class='ocrx_word' id='word_1_291' title='bbox 1372 2246 1494 2274; x_wconf 79' lang='lat' dir='ltr'><strong>contra</strong></span> <span class='ocrx_word' id='word_1_292' title='bbox 1519 2249 1674 2275; x_wconf 77' lang='lat' dir='ltr'><strong>caeteras</strong></span> 
     </span>
     <span class='ocr_line' id='line_1_35' title="bbox 243 2282 1674 2328; baseline 0.006 -14"><span class='ocrx_word' id='word_1_293' title='bbox 243 2283 443 2325; x_wconf 77' lang='lat' dir='ltr'><strong>lllyriorum</strong></span> <span class='ocrx_word' id='word_1_294' title='bbox 470 2282 584 2315; x_wconf 86' lang='lat' dir='ltr'><strong>urbes.</strong></span> <span class='ocrx_word' id='word_1_295' title='bbox 634 2287 809 2314; x_wconf 79' lang='lat' dir='ltr'><strong>caeterum</strong></span> <span class='ocrx_word' id='word_1_296' title='bbox 837 2284 911 2327; x_wconf 84' lang='lat' dir='ltr'><strong>ipse</strong></span> <span class='ocrx_word' id='word_1_297' title='bbox 937 2285 974 2317; x_wconf 89' lang='lat' dir='ltr'><strong>in</strong></span> <span class='ocrx_word' id='word_1_298' title='bbox 999 2285 1092 2328; x_wconf 83' lang='lat' dir='ltr'><strong>regia</strong></span> <span class='ocrx_word' id='word_1_299' title='bbox 1120 2295 1185 2317; x_wconf 89' lang='lat' dir='ltr'><strong>con</strong></span> <span class='ocrx_word' id='word_1_300' title='bbox 1214 2285 1297 2318; x_wconf 83' lang='lat' dir='ltr'><strong>ebat</strong></span> <span class='ocrx_word' id='word_1_301' title='bbox 1322 2292 1442 2319; x_wconf 83' lang='lat' dir='ltr'><strong>castra.</strong></span> <span class='ocrx_word' id='word_1_302' title='bbox 1493 2299 1552 2320; x_wconf 78' lang='lat' dir='ltr'><strong>rex</strong></span> <span class='ocrx_word' id='word_1_303' title='bbox 1579 2290 1674 2322; x_wconf 85' lang='lat' dir='ltr'><strong>Tur-</strong></span> 
     </span>
     <span class='ocr_line' id='line_1_36' title="bbox 241 2329 1674 2379; baseline 0.004 -18"><span class='ocrx_word' id='word_1_304' title='bbox 241 2340 359 2361; x_wconf 86' lang='lat' dir='ltr'><strong>corum</strong></span> <span class='ocrx_word' id='word_1_305' title='bbox 388 2329 667 2361; x_wconf 78' lang='lat' dir='ltr'><strong>‹liscruciabatur</strong></span> <span class='ocrx_word' id='word_1_306' title='bbox 691 2329 798 2361; x_wconf 86' lang='lat' dir='ltr'><strong>animi</strong></span> <span class='ocrx_word' id='word_1_307' title='bbox 827 2336 975 2374; x_wconf 81' lang='lat' dir='ltr'><strong>propter</strong></span> <span class='ocrx_word' id='word_1_308' title='bbox 1003 2331 1235 2364; x_wconf 84' lang='lat' dir='ltr'><strong>iuramentum</strong></span> <span class='ocrx_word' id='word_1_309' title='bbox 1252 2332 1448 2374; x_wconf 84' lang='lat' dir='ltr'><strong>Illyriorum</strong></span> <span class='ocrx_word' id='word_1_310' title='bbox 1477 2334 1550 2377; x_wconf 86' lang='lat' dir='ltr'><strong>regi</strong></span> <span class='ocrx_word' id='word_1_311' title='bbox 1573 2346 1674 2379; x_wconf 83' lang='lat' dir='ltr'><strong>prae-</strong></span> 
     </span>
     <span class='ocr_line' id='line_1_37' title="bbox 238 2375 1675 2423; baseline 0.005 -16"><span class='ocrx_word' id='word_1_312' title='bbox 238 2376 364 2408; x_wconf 74' lang='lat' dir='ltr'><strong>stitum</strong></span> <span class='ocrx_word' id='word_1_313' title='bbox 393 2375 438 2408; x_wconf 77' lang='lat' dir='ltr'><strong>ab</strong></span> <span class='ocrx_word' id='word_1_314' title='bbox 463 2375 699 2408; x_wconf 84' lang='lat' dir='ltr'><strong>Maehumete.</strong></span> <span class='ocrx_word' id='word_1_315' title='bbox 748 2377 897 2418; x_wconf 84' lang='lat' dir='ltr'><strong>graviter</strong></span> <span class='ocrx_word' id='word_1_316' title='bbox 931 2377 1145 2410; x_wconf 85' lang='lat' dir='ltr'><strong>Machumeti</strong></span> <span class='ocrx_word' id='word_1_317' title='bbox 1179 2389 1321 2422; x_wconf 86' lang='lat' dir='ltr'><strong>quoque</strong></span> <span class='ocrx_word' id='word_1_318' title='bbox 1347 2379 1607 2423; x_wconf 79' lang='lat' dir='ltr'><strong>indignabatur,</strong></span> <span class='ocrx_word' id='word_1_319' title='bbox 1635 2385 1675 2414; x_wconf 87' lang='lat' dir='ltr'><strong>ut</strong></span> 
     </span>
     <span class='ocr_line' id='line_1_38' title="bbox 241 2419 1674 2470; baseline 0.005 -17"><span class='ocrx_word' id='word_1_320' title='bbox 241 2422 303 2465; x_wconf 80' lang='lat' dir='ltr'><strong>qui</strong></span> <span class='ocrx_word' id='word_1_321' title='bbox 330 2433 449 2465; x_wconf 86' lang='lat' dir='ltr'><strong>parum</strong></span> <span class='ocrx_word' id='word_1_322' title='bbox 493 2427 692 2465; x_wconf 84' lang='lat' dir='ltr'><strong>opportune</strong></span> <span class='ocrx_word' id='word_1_323' title='bbox 719 2419 800 2454; x_wconf 86' lang='lat' dir='ltr'><strong>huic</strong></span> <span class='ocrx_word' id='word_1_324' title='bbox 833 2423 903 2464; x_wconf 74' lang='lat' dir='ltr'><strong>regi</strong></span> <span class='ocrx_word' id='word_1_325' title='bbox 930 2423 1052 2455; x_wconf 81' lang='lat' dir='ltr'><strong>salutis</strong></span> <span class='ocrx_word' id='word_1_326' title='bbox 1084 2435 1179 2467; x_wconf 83' lang='lat' dir='ltr'><strong>spem</strong></span> <span class='ocrx_word' id='word_1_327' title='bbox 1213 2424 1422 2470; x_wconf 84' lang='lat' dir='ltr'><strong>interposita</strong></span> <span class='ocrx_word' id='word_1_328' title='bbox 1444 2426 1674 2460; x_wconf 78' lang='lat' dir='ltr'><strong>iurisiurandi</strong></span> 
     </span>
     <span class='ocr_line' id='line_1_39' title="bbox 243 2467 1674 2515; baseline 0.005 -16"><span class='ocrx_word' id='word_1_329' title='bbox 243 2468 414 2510; x_wconf 79' lang='lat' dir='ltr'><strong>religione</strong></span> <span class='ocrx_word' id='word_1_330' title='bbox 441 2467 640 2500; x_wconf 78' lang='lat' dir='ltr'><strong>obtulisset..</strong></span> <span class='ocrx_word' id='word_1_331' title='bbox 662 2478 774 2510; x_wconf 81' lang='lat' dir='ltr'><strong>regem</strong></span> <span class='ocrx_word' id='word_1_332' title='bbox 802 2467 944 2512; x_wconf 85' lang='lat' dir='ltr'><strong>quidem</strong></span> <span class='ocrx_word' id='word_1_333' title='bbox 970 2469 1124 2512; x_wconf 80' lang='lat' dir='ltr'><strong>Illyrium</strong></span> <span class='ocrx_word' id='word_1_334' title='bbox 1151 2469 1301 2502; x_wconf 87' lang='lat' dir='ltr'><strong>vinculis</strong></span> <span class='ocrx_word' id='word_1_335' title='bbox 1326 2471 1500 2515; x_wconf 83' lang='lat' dir='ltr'><strong>illigatum</strong></span> <span class='ocrx_word' id='word_1_336' title='bbox 1526 2473 1674 2506; x_wconf 84' lang='lat' dir='ltr'><strong>circum-</strong></span> 
     </span>
     <span class='ocr_line' id='line_1_40' title="bbox 239 2513 1674 2564; baseline 0.005 -19"><span class='ocrx_word' id='word_1_337' title='bbox 239 2513 362 2554; x_wconf 83' lang='lat' dir='ltr'><strong>duxit,</strong></span> <span class='ocrx_word' id='word_1_338' title='bbox 395 2525 580 2558; x_wconf 72' lang='lat' dir='ltr'><strong>peragrans</strong></span> <span class='ocrx_word' id='word_1_339' title='bbox 599 2514 762 2546; x_wconf 83' lang='lat' dir='ltr'><strong>Sandalis</strong></span> <span class='ocrx_word' id='word_1_340' title='bbox 786 2515 976 2557; x_wconf 85' lang='lat' dir='ltr'><strong>regionem.</strong></span> <span class='ocrx_word' id='word_1_341' title='bbox 1010 2526 1089 2548; x_wconf 86' lang='lat' dir='ltr'><strong>nam</strong></span> <span class='ocrx_word' id='word_1_342' title='bbox 1115 2516 1254 2558; x_wconf 88' lang='lat' dir='ltr'><strong>Illyrios</strong></span> <span class='ocrx_word' id='word_1_343' title='bbox 1274 2518 1399 2561; x_wconf 81' lang='lat' dir='ltr'><strong>partim</strong></span> <span class='ocrx_word' id='word_1_344' title='bbox 1423 2517 1565 2563; x_wconf 85' lang='lat' dir='ltr'><strong>quidem</strong></span> <span class='ocrx_word' id='word_1_345' title='bbox 1585 2520 1674 2564; x_wconf 83' lang='lat' dir='ltr'><strong>ipse,</strong></span> 
     </span>
     <span class='ocr_line' id='line_1_41' title="bbox 243 2559 1674 2606; baseline 0.005 -15"><span class='ocrx_word' id='word_1_346' title='bbox 243 2561 368 2603; x_wconf 83' lang='lat' dir='ltr'><strong>partim</strong></span> <span class='ocrx_word' id='word_1_347' title='bbox 384 2571 465 2592; x_wconf 89' lang='lat' dir='ltr'><strong>vero</strong></span> <span class='ocrx_word' id='word_1_348' title='bbox 482 2560 715 2593; x_wconf 78' lang='lat' dir='ltr'><strong>machumetis</strong></span> <span class='ocrx_word' id='word_1_349' title='bbox 735 2565 771 2593; x_wconf 88' lang='lat' dir='ltr'><strong>et</strong></span> <span class='ocrx_word' id='word_1_350' title='bbox 785 2559 920 2593; x_wconf 81' lang='lat' dir='ltr'><strong>Omaris</strong></span> <span class='ocrx_word' id='word_1_351' title='bbox 936 2561 1048 2594; x_wconf 84' lang='lat' dir='ltr'><strong>Marte</strong></span> <span class='ocrx_word' id='word_1_352' title='bbox 1064 2561 1274 2606; x_wconf 85' lang='lat' dir='ltr'><strong>perdomuit.</strong></span> <span class='ocrx_word' id='word_1_353' title='bbox 1290 2563 1433 2596; x_wconf 79' lang='lat' dir='ltr'><strong>Omares</strong></span> <span class='ocrx_word' id='word_1_354' title='bbox 1449 2575 1560 2597; x_wconf 83' lang='lat' dir='ltr'><strong>summ</strong></span> <span class='ocrx_word' id='word_1_355' title='bbox 1573 2571 1674 2598; x_wconf 77' lang='lat' dir='ltr'><strong>ostu-</strong></span> 
     </span>
     <span class='ocr_line' id='line_1_42' title="bbox 239 2605 1674 2655; baseline 0.006 -19"><span class='ocrx_word' id='word_1_356' title='bbox 239 2605 300 2637; x_wconf 85' lang='lat' dir='ltr'><strong>‹lio</strong></span> <span class='ocrx_word' id='word_1_357' title='bbox 329 2606 557 2639; x_wconf 84' lang='lat' dir='ltr'><strong>annitebatur</strong></span> <span class='ocrx_word' id='word_1_358' title='bbox 583 2612 621 2639; x_wconf 86' lang='lat' dir='ltr'><strong>ut</strong></span> <span class='ocrx_word' id='word_1_359' title='bbox 645 2617 719 2638; x_wconf 85' lang='lat' dir='ltr'><strong>eam</strong></span> <span class='ocrx_word' id='word_1_360' title='bbox 748 2607 937 2649; x_wconf 85' lang='lat' dir='ltr'><strong>regionem,</strong></span> <span class='ocrx_word' id='word_1_361' title='bbox 967 2619 1056 2652; x_wconf 88' lang='lat' dir='ltr'><strong>quae</strong></span> <span class='ocrx_word' id='word_1_362' title='bbox 1084 2608 1240 2640; x_wconf 84' lang='lat' dir='ltr'><strong>nondum</strong></span> <span class='ocrx_word' id='word_1_363' title='bbox 1269 2609 1428 2642; x_wconf 80' lang='lat' dir='ltr'><strong>subiecta</strong></span> <span class='ocrx_word' id='word_1_364' title='bbox 1457 2616 1543 2651; x_wconf 82' lang='lat' dir='ltr'><strong>erat,</strong></span> <span class='ocrx_word' id='word_1_365' title='bbox 1566 2622 1674 2655; x_wconf 80' lang='lat' dir='ltr'><strong>coge-</strong></span> 
     </span>
     <span class='ocr_line' id='line_1_43' title="bbox 242 2652 1676 2702; baseline 0.005 -19"><span class='ocrx_word' id='word_1_366' title='bbox 242 2658 294 2683; x_wconf 85' lang='lat' dir='ltr'><strong>ret</strong></span> <span class='ocrx_word' id='word_1_367' title='bbox 319 2652 408 2695; x_wconf 82' lang='lat' dir='ltr'><strong>regis</strong></span> <span class='ocrx_word' id='word_1_368' title='bbox 447 2654 624 2696; x_wconf 77' lang='lat' dir='ltr'><strong>suscipere</strong></span> <span class='ocrx_word' id='word_1_369' title='bbox 661 2653 858 2697; x_wconf 86' lang='lat' dir='ltr'><strong>imperium.</strong></span> <span class='ocrx_word' id='word_1_370' title='bbox 924 2653 981 2685; x_wconf 81' lang='lat' dir='ltr'><strong>hic</strong></span> <span class='ocrx_word' id='word_1_371' title='bbox 1014 2665 1090 2686; x_wconf 87' lang='lat' dir='ltr'><strong>cum</strong></span> <span class='ocrx_word' id='word_1_372' title='bbox 1128 2654 1338 2688; x_wconf 83' lang='lat' dir='ltr'><strong>fortitudine</strong></span> <span class='ocrx_word' id='word_1_373' title='bbox 1363 2656 1469 2689; x_wconf 85' lang='lat' dir='ltr'><strong>facile</strong></span> <span class='ocrx_word' id='word_1_374' title='bbox 1494 2663 1676 2702; x_wconf 73' lang='lat' dir='ltr'><strong>superaret</strong></span> 
     </span>
     <span class='ocr_line' id='line_1_44' title="bbox 239 2699 1674 2749; baseline 0.004 -19"><span class='ocrx_word' id='word_1_375' title='bbox 239 2708 375 2738; x_wconf 80' lang='lat' dir='ltr'><strong>omnes,</strong></span> <span class='ocrx_word' id='word_1_376' title='bbox 403 2704 580 2744; x_wconf 87' lang='lat' dir='ltr'><strong>quotquot</strong></span> <span class='ocrx_word' id='word_1_377' title='bbox 606 2701 643 2731; x_wconf 87' lang='lat' dir='ltr'><strong>in</strong></span> <span class='ocrx_word' id='word_1_378' title='bbox 667 2699 781 2732; x_wconf 83' lang='lat' dir='ltr'><strong>ianuis</strong></span> <span class='ocrx_word' id='word_1_379' title='bbox 810 2699 1034 2733; x_wconf 80' lang='lat' dir='ltr'><strong>fortitudinis</strong></span> <span class='ocrx_word' id='word_1_380' title='bbox 1067 2703 1307 2745; x_wconf 76' lang='lat' dir='ltr'><strong>praerogativa</strong></span> <span class='ocrx_word' id='word_1_381' title='bbox 1335 2701 1546 2746; x_wconf 82' lang='lat' dir='ltr'><strong>gauderent,</strong></span> <span class='ocrx_word' id='word_1_382' title='bbox 1572 2714 1674 2749; x_wconf 81' lang='lat' dir='ltr'><strong>prae—</strong></span> 
     </span>
    </p>
   </div>
  </div>
 </body>
</html>
