1748 3210
224 214 311 258 196
552 218 769 259 LAON1C1
809 219 1312 260 CHALCOCONDYLAE

219 316 440 356 θίστανται
479 317 525 357 δὲ
557 316 629 357 καί
658 319 697 365 ἐς
725 315 798 365 τὰς
827 314 953 365 ι’ἱλλας
984 317 1099 365 δίκας
1130 318 1348 371 δικασταί,
1375 321 1458 359 τῶν
1491 333 1534 360 τε
1564 319 1651 358 ἐπι-

218 383 386 432 χωρίων
429 377 547 421 ἄλλοι
587 384 660 422 καί
704 383 746 429 ἐς
787 381 885 430 τούς
914 385 1052 432 ξένους
1086 377 1217 422 ἄλλοι.
1273 385 1343 423 ἐπί
1369 381 1530 430 τούτοις
1557 383 1651 436 ἔφι-

218 447 362 486 στᾶσιν
393 442 597 498 ἄρχοντας
627 446 946 501 τεσσαράκοντα,
973 449 1014 494 ἐς
1045 445 1118 494 οὓς
1146 445 1315 487 ἐπειδὰν
1344 445 1387 488 αἱ
1417 448 1527 488 δίκαι
1556 447 1652 487 ἆνε-

218 511 452 562 νεχθαῖσιν,
483 507 708 552 εὖθύνουσι
749 511 824 558 τὰς
850 510 1021 566 ψήφους
1054 509 1095 559 ἐς
1124 510 1170 551 τὸ
1197 514 1341 565 σφίσιν
1369 511 1425 559 ὦς
1454 509 1651 564 κράτιστα

218 573 331 626 ἔχειν
361 577 518 616 δοκοῦν.
576 571 627 629 ἢν
652 578 698 617 δὲ
728 574 785 629 μή
817 577 1118 630 συμφέρωνται
1147 577 1188 623 ἐς
1215 575 1285 629 τήν
1318 577 1448 630 δίκην,
1482 575 1552 617 ἐπὶ
1579 575 1684 628 τὴν5

218 642 301 680 ταῖν
330 643 489 693 κλητῶν
509 640 666 695 βουλήν
695 642 971 695 ἀναφέρεται,
1001 641 1124 681 mim*
1159 645 1560 694 πολυπραγμονεῖται
1585 642 1655 681 καί

218 703 294 757 τήν
322 704 528 757 α’πόβασιν
554 705 678 758 ἴσχει.
738 707 822 747 εἰσί
846 707 924 755 μὲν
954 701 1026 745 οὖν
1051 705 1122 746 καί
1148 701 1271 746 ἄλλαι
1297 706 1429 759 α’ρχαί
1459 705 1534 745 ov'x
1566 704 1652 746 ὀλί-

220 786 290 822 γαι
321 770 392 822 τῆς
424 769 582 820 πόλεως
603 803 614 824 ,
660 772 847 825 φυλακῆς
875 786 919 811 τε
958 772 1051 823 πέρι
1083 768 1344 823 καθήκεσαν,
1377 771 1449 811 καί
1486 769 1528 818 ἐς
1557 768 1654 817 τοὺς

218 834 361 882 νυκτὸς
389 836 588 876 α’στασιάν
626 835 716 876 τινα
750 836 791 882 ἐς
819 834 892 887 τὴν
932 835 1052 876 πόλιν
1079 832 1345 886 πράσσοντας.
1402 836 1475 875 καί
1500 835 1654 887 α’γορα-

175 902 338 951 Βνόμοι
356 898 486 951 ἕτεροι
512 901 797 953 καθίστανται,
826 898 920 948 τους
941 900 1096 953 φόρους
1112 901 1190 939 τῶν
1218 901 1290 939 ἐπί
1302 914 1383 939 τινι
1404 898 1653 952 πραγμάτων
1668 903 1711 936 10

220 964 291 1004 καί
308 966 349 1012 ἐς
367 963 440 1011 τοὶς
458 963 689 1016 προσόδους
710 967 780 1017 τῆς
801 965 957 1012 πόλεως
979 964 1234 1018 ἀπαιτήσεις,
1266 962 1304 1004 οἱ
1332 964 1380 1017 δὴ
1405 961 1480 1011 τὰς
1499 960 1654 1016 προσό-

220 1030 317 1076 δους
338 1027 578 1082 πράττοντες
596 1026 902 1078 καθιστάμενοι,
930 1029 995 1082 ἐφ’
1018 1026 1089 1076 οὓς
1117 1028 1164 1082 δὴ
1190 1028 1240 1068 τοὶ
1260 1029 1330 1080 τῆς
1350 1025 1563 1080 ξυμπάσης
1581 1025 1656 1067 πό-

219 1098 322 1141 λεως
353 1091 547 1146 χρήματα
577 1095 648 1133 καί
675 1091 713 1133 οἱ
744 1091 863 1147 φόροι
891 1093 1184 1147 ἀναφέρονται.
1217 1089 1411 1147 ἄρχοντες
1442 1094 1487 1134 δὲ
1519 1089 1557 1132 οἱ
1585 1106 1655 1144 γε-

222 1158 434 1211 ραιότεροί
448 1173 490 1199 τε
522 1157 593 1198 καί
612 1158 813 1209 ἀξιώματι
841 1160 1032 1209 προέχειν
1051 1159 1264 1205 δοκοῦντες
1294 1160 1563 1198 καθίστανται
1583 1155 1652 1197 διὰ

220 1226 315 1275 βίου
346 1222 400 1270 ὥς
432 1224 608 1275 ἐργῶδες
639 1218 686 1262 ὂν
713 1225 802 1262 κατ’
841 1221 1028 1262 ἐνιαυτὸν
1058 1222 1296 1274 λογίζεσθαι
1323 1220 1395 1269 τὰς
1424 1220 1654 1275 προσόδους
1670 1229 1712 1278 lo

221 1304 265 1329 τε
293 1291 363 1329 καί
387 1286 555 1338 ἐξόδους
581 1290 655 1340 τῆς
682 1287 861 1338 πόλεως,
904 1284 925 1327 ὅ
955 1302 995 1327 τι
1025 1283 1075 1328 ἂν
1098 1286 1331 1340 α’πογένοιτό
1366 1302 1410 1327 τε
1438 1285 1509 1327 καί
1538 1301 1657 1339 περι-
1699 1278 1702 1281 v

220 1355 379 1406 γένοιτο
412 1352 549 1393 αὖτῶν
575 1353 656 1393 τῶν
679 1352 921 1406 χρημάτων.
981 1352 1061 1392 α’πό
1091 1353 1168 1404 μὲν
1197 1347 1273 1392 οὖν
1301 1351 1454 1392 τούτων
1483 1350 1654 1404 αἱροῦν-

221 1434 291 1459 ται
323 1419 469 1472 σφίσιν
499 1414 689 1470 ἧγεμόνα,
720 1416 889 1458 ἐπειδᾶν
917 1415 1038 1471 σφίσι
1076 1415 1312 1472 τελευτήσῃ.
1369 1419 1410 1464 ἐς
1435 1414 1483 1458 τοὶ
1513 1418 1655 1469 πρῶτα

222 1485 346 1536 τιμῆς
376 1481 597 1536 α’νήκουσιν
627 1483 669 1530 ἐς
696 1481 845 1536 ταύτην
873 1481 948 1535 τήν
969 1483 1178 1522 πολιτείαν
1198 1498 1207 1509 ·
1267 1480 1365 1529 τούς
1397 1497 1440 1522 τε
1470 1481 1548 1534 γὰρ
1577 1484 1656 1534 θη-

222 1547 407 1599 σαυρούς
448 1550 519 1588 καί
553 1547 625 1594 τὰς
671 1549 903 1599 προσόδους
937 1548 1148 1601 ἐφορῶσιν
1176 1541 1285 1587 οὗτοι
1316 1545 1389 1586 καί
1412 1545 1714 1600 §narnensi-20

87 1618 124 1652 P.
145 1618 209 1652 105
224 1628 330 1654 ουσι.
385 1614 692 1666 χρηματίζουσι
723 1613 767 1652 δὲ
798 1613 944 1666 σφίσιν
973 1613 1014 1658 ἐς
1044 1610 1116 1664 τὴν
1147 1611 1284 1664 ἀρχὴν
1317 1611 1465 1665 αὐτῶν,
1494 1609 1573 1651 συν
1599 1610 1658 1664 τῷ

223 1676 391 1732 ἡγεμόνι
421 1675 744 1730 παραγενόμενοι
774 1675 863 1718 ἔστε
897 1676 1092 1730 α’κρόασιν
1137 1679 1349 1731 πρέσβεων
1378 1674 1450 1717 καί
1478 1676 1558 1716 τῶν
1583 1689 1656 1727 με·

314 1792 347 1826 4.
374 1792 435 1835 ὥς]
463 1795 525 1828 ἐπὶ
549 1791 587 1827 τὸ
616 1791 664 1832 ὥς
686 1793 708 1825 Ρ
801 1791 836 1825 8.
863 1794 948 1826 καθ’
976 1791 1141 1839 ἧμέρανῗ
1165 1803 1210 1825 an
1235 1794 1320 1826 καθ’
1347 1789 1528 1834 ἑκάστηνὶ)

223 1906 390 1943 virorum,
415 1903 460 1936 ad
484 1915 572 1948 quos
597 1903 789 1936 sententias
815 1914 919 1946 super
943 1902 1134 1948 puniendis
1153 1902 1314 1935 sontibus
1341 1902 1591 1942 transmittant,
1615 1906 1655 1934 ut

224 1951 416 1994 dispiciant
443 1961 527 1981 num
552 1955 588 1982 et
609 1950 695 1994 ipsis
722 1950 920 1981 sententiae
955 1950 1088 1993 optime
1113 1949 1244 1981 habere
1273 1948 1469 1982 videantur.
1517 1949 1544 1980 si
1575 1959 1655 1980 sen-

222 1998 358 2030 tentiae
383 1996 631 2041 displicuerint
659 2001 693 2027 et
730 1996 797 2040 ipsi
824 1996 916 2028 inter
940 2006 976 2027 se
1002 1995 1242 2034 dissenserint,
1262 1996 1581 2038 negotium'totum
1609 1993 1655 2025 ad

224 2049 448 2077 evocatorum
476 2047 635 2074 senatum
665 2041 827 2074 refertur.
889 2042 946 2073 hic
974 2043 1173 2074 sententiae
1205 2042 1315 2073 multa
1339 2040 1522 2083 diligentia
1549 2051 1655 2072 excu-

225 2091 359 2122 tiuntur
388 2094 424 2121 et
451 2088 594 2120 tandem
621 2087 665 2119 ad
691 2087 795 2120 fidem
821 2087 1008 2120 ducuntur.
1069 2093 1151 2120 sunt
1176 2093 1211 2120 et
1238 2088 1296 2119 alii
1326 2088 1545 2130 :magistratus
1570 2087 1654 2130 plu-

224 2137 303 2168 rimi
337 2137 374 2167 in
407 2134 603 2167 custodiam
642 2134 738 2165 urbis
768 2135 973 2177 comparati.
1023 2139 1105 2166 sunt
1142 2133 1271 2178 quibus
1296 2134 1477 2175 negotium
1503 2132 1654 2164 civitatis

224 2183 444 2215 commissum
469 2187 521 2213 est
542 2181 578 2212 in
611 2191 670 2212 eos
698 2181 758 2224 qui
785 2180 1022 2212 defectionem
1054 2180 1209 2224 aliquam
1236 2179 1308 2212 sive
1335 2180 1526 2212 tumultum
1545 2183 1654 2210 noctu

224 2230 415 2261 concitant.
467 2232 546 2259 sunt
572 2231 607 2258 et
632 2237 744 2258 rerum
770 2227 946 2258 venalium
983 2232 1089 2270 atque
1115 2226 1203 2257 adeo
1233 2226 1341 2258 totius
1368 2226 1436 2257 fori
1463 2222 1654 2269 praesides.

225 2276 284 2307 alii
313 2272 516 2319 praesident
549 2272 781 2315 vectigalibus
820 2283 954 2312 rerum,
994 2273 1055 2304 alii
1089 2277 1171 2304 sunt
1201 2271 1412 2303 tributorum
1439 2276 1475 2303 et
1502 2270 1654 2303 civitatis

224 2321 402 2353 redituum
431 2324 619 2351 exactores.
670 2318 813 2361 quidam
842 2319 1035 2362 praepositi
1061 2323 1142 2350 sunt
1159 2317 1388 2361 vectigalibus
1407 2322 1443 2349 et
1467 2316 1653 2356 reditibus,

224 2367 269 2399 ad
297 2378 385 2411 quos
411 2366 593 2397 universae
633 2365 783 2397 civitatis
811 2375 895 2408 opes
922 2363 1089 2396 adhibitis
1120 2363 1406 2396 observatoribus
1435 2362 1653 2396 deferuntur.

222 2414 443 2456 magistratus
470 2411 527 2443 hie
552 2415 690 2443 constat
715 2411 796 2442 viris
827 2416 941 2442 aetate
973 2417 1007 2443 et
1033 2410 1226 2442 honoribus
1253 2409 1477 2453 gravissimis,
1505 2409 1565 2454 qui
1591 2419 1654 2453 per

223 2461 418 2492 universam
447 2459 551 2490 vitam
577 2458 679 2489 istum
707 2458 942 2500 magistratum
964 2457 1131 2497 retinent,
1159 2457 1240 2501 quia
1265 2454 1405 2488 difficile
1430 2454 1570 2487 videtur
1594 2465 1653 2486 ac-

223 2511 326 2550 cepta
356 2510 391 2537 et
415 2514 568 2548 expensa
593 2503 758 2544 civitatis,
787 2503 871 2546 quid
897 2502 1117 2546 expendatur
1138 2508 1174 2534 et
1198 2501 1286 2545 quid
1312 2502 1476 2546 supersit,
1502 2505 1654 2545 quotan-

222 2553 278 2584 nis
308 2556 510 2594 computare
538 2554 575 2582 et
599 2549 735 2592 singula
763 2549 799 2580 iu
826 2549 974 2581 rationes
1008 2549 1150 2580 referre.
1202 2559 1244 2580 ex
1268 2548 1323 2580 his
1349 2547 1416 2580 sibi
1445 2546 1568 2579 ducem
1595 2557 1653 2578 ca-

221 2599 339 2642 piunt,
364 2595 506 2641 quando
545 2597 574 2627 is
601 2607 661 2639 qul
686 2606 800 2628 rerum
826 2595 964 2638 potitur
994 2600 1152 2627 mortuus
1178 2594 1297 2626 fuerit.
1347 2594 1407 2639 qui
1433 2593 1477 2626 ad
1502 2593 1653 2637 primum

223 2643 405 2686 dignitatis
431 2642 545 2674 locum
571 2642 683 2674 evecti
709 2642 852 2681 fuerint,
879 2641 923 2671 ad
950 2641 1055 2672 istum
1079 2640 1219 2674 tandem
1246 2639 1414 2672 honorem
1439 2649 1652 2683 promoven-

222 2696 290 2722 tur.
341 2689 525 2721 thesauros
564 2694 671 2732 atque
711 2688 820 2720 totius
848 2687 944 2718 urbis
970 2698 1054 2730 opes
1081 2692 1116 2719 et
1156 2685 1289 2718 reditus
1317 2686 1510 2730 inspiciunt
1535 2690 1571 2716 et
1595 2690 1652 2717 tu-

223 2740 353 2769 tantur.
405 2745 525 2767 eorum
559 2733 708 2767 officium
734 2739 807 2774 est,
835 2733 893 2764 ubi
926 2733 1166 2776 magis-tratum
1196 2731 1289 2764 hunc
1313 2732 1483 2771 inierint,
1511 2730 1651 2763 consul-
