<?xml version="1.0" encoding="UTF-8"?>
<!DOCTYPE html PUBLIC "-//W3C//DTD XHTML 1.0 Transitional//EN"
    "http://www.w3.org/TR/xhtml1/DTD/xhtml1-transitional.dtd">
<html xmlns="http://www.w3.org/1999/xhtml" xml:lang="en" lang="en">
 <head>
  <title>
</title>
<meta http-equiv="Content-Type" content="text/html;charset=utf-8" />
  <meta name='ocr-system' content='tesseract 3.04.00' />
  <meta name='ocr-capabilities' content='ocr_page ocr_carea ocr_par ocr_line ocrx_word'/>
</head>
<body>
  <div class='ocr_page' id='page_1' title='image "./corpusscriptorum32niebuoft_0556.png"; bbox 0 0 1774 3204; ppageno 0'>
   <div class='ocr_carea' id='block_1_1' title="bbox 177 0 1774 1699">
    <p class='ocr_par' dir='ltr' id='par_1_1' title="bbox 227 0 1774 473">
     <span class='ocr_line' id='line_1_1' title="bbox 229 0 1774 250; baseline -0.001 -18"><span class='ocrx_word' id='word_1_1' title='bbox 229 183 324 232; x_wconf 72' lang='grc'><strong>544</strong></span> <span class='ocrx_word' id='word_1_2' title='bbox 541 188 761 231; x_wconf 77' lang='lat' dir='ltr'><strong>LAoNici</strong></span> <span class='ocrx_word' id='word_1_3' title='bbox 803 189 1310 231; x_wconf 75' lang='lat' dir='ltr'>CHALCOCONDYLAE</span> <span class='ocrx_word' id='word_1_4' title='bbox 1675 0 1774 250; x_wconf 53' lang='lat'><strong>‘1</strong></span> 
     </span>
     <span class='ocr_line' id='line_1_2' title="bbox 229 284 1658 343; baseline 0 -15"><span class='ocrx_word' id='word_1_5' title='bbox 229 284 367 328; x_wconf 69' lang='grc' dir='ltr'><em>αὐτῶν</em></span> <span class='ocrx_word' id='word_1_6' title='bbox 407 288 551 340; x_wconf 82' lang='grc' dir='ltr'><em>χώραν</em></span> <span class='ocrx_word' id='word_1_7' title='bbox 593 287 897 340; x_wconf 76' lang='grc' dir='ltr'><em>παραδιδόναι,</em></span> <span class='ocrx_word' id='word_1_8' title='bbox 938 289 1009 327; x_wconf 78' lang='grc' dir='ltr'>καί</span> <span class='ocrx_word' id='word_1_9' title='bbox 1041 287 1180 335; x_wconf 58' lang='lat' dir='ltr'><strong>acron,-</strong></span> <span class='ocrx_word' id='word_1_10' title='bbox 1208 290 1401 340; x_wconf 77' lang='grc' dir='ltr'><em>γενέσθαι</em></span> <span class='ocrx_word' id='word_1_11' title='bbox 1430 286 1509 330; x_wconf 71' lang='grc' dir='ltr'><strong>ὕπὸ</strong></span> <span class='ocrx_word' id='word_1_12' title='bbox 1537 294 1658 343; x_wconf 82' lang='grc' dir='ltr'><em>βασι-</em></span> 
     </span>
     <span class='ocr_line' id='line_1_3' title="bbox 229 347 1659 407; baseline 0.003 -16"><span class='ocrx_word' id='word_1_13' title='bbox 229 354 332 399; x_wconf 84' lang='grc' dir='ltr'><em>λέως</em></span> <span class='ocrx_word' id='word_1_14' title='bbox 359 348 486 404; x_wconf 75' lang='grc' dir='ltr'><em>ἄλλην</em></span> <span class='ocrx_word' id='word_1_15' title='bbox 514 350 605 392; x_wconf 80' lang='grc' dir='ltr'><em>α’ντί</em></span> <span class='ocrx_word' id='word_1_16' title='bbox 632 350 785 404; x_wconf 78' lang='grc' dir='ltr'><strong><em>ταύτης</em></strong></span> <span class='ocrx_word' id='word_1_17' title='bbox 816 353 859 392; x_wconf 81' lang='grc' dir='ltr'><em>έν</em></span> <span class='ocrx_word' id='word_1_18' title='bbox 884 355 932 407; x_wconf 83' lang='grc' dir='ltr'><strong>τῇ</strong></span> <span class='ocrx_word' id='word_1_19' title='bbox 963 350 1158 407; x_wconf 68' lang='grc' dir='ltr'><em>Εὐρώπῃ.</em></span> <span class='ocrx_word' id='word_1_20' title='bbox 1202 347 1316 392; x_wconf 70' lang='grc' dir='ltr'><em>οὗτοι</em></span> <span class='ocrx_word' id='word_1_21' title='bbox 1341 354 1418 404; x_wconf 79' lang='grc' dir='ltr'><em>μὲν</em></span> <span class='ocrx_word' id='word_1_22' title='bbox 1446 348 1520 395; x_wconf 68' lang='grc' dir='ltr'><em>οὖν</em></span> <span class='ocrx_word' id='word_1_23' title='bbox 1548 352 1659 396; x_wconf 66' lang='grc' dir='ltr'><em>οὕτω</em></span> 
     </span>
     <span class='ocr_line' id='line_1_4' title="bbox 227 412 1663 473; baseline 0.003 -17"><span class='ocrx_word' id='word_1_24' title='bbox 227 418 466 463; x_wconf 77' lang='grc' dir='ltr'><strong><em>πεισθέντες</em></strong></span> <span class='ocrx_word' id='word_1_25' title='bbox 508 416 746 468; x_wconf 73' lang='grc' dir='ltr'><em>παρέδοσαν</em></span> <span class='ocrx_word' id='word_1_26' title='bbox 774 431 818 457; x_wconf 81' lang='grc' dir='ltr'><strong>τε</strong></span> <span class='ocrx_word' id='word_1_27' title='bbox 852 418 962 471; x_wconf 83' lang='grc' dir='ltr'><em>σφᾶς</em></span> <span class='ocrx_word' id='word_1_28' title='bbox 1004 412 1157 464; x_wconf 69' lang='grc' dir='ltr'><em>αὐτούς</em></span> <span class='ocrx_word' id='word_1_29' title='bbox 1197 412 1285 467; x_wconf 74' lang='grc' dir='ltr'><strong>ἅμα</strong></span> <span class='ocrx_word' id='word_1_30' title='bbox 1316 420 1374 473; x_wconf 68' lang='grc' dir='ltr'><strong>τῷ</strong></span> <span class='ocrx_word' id='word_1_31' title='bbox 1399 421 1570 469; x_wconf 83' lang='grc' dir='ltr'><em>βασιλεῖ’</em></span> <span class='ocrx_word' id='word_1_32' title='bbox 1589 421 1663 460; x_wconf 81' lang='grc' dir='ltr'><em>καί</em></span> 
     </span>
    </p>

    <p class='ocr_par' dir='ltr' id='par_1_2' title="bbox 187 479 1752 1054">
     <span class='ocr_line' id='line_1_5' title="bbox 187 479 1660 540; baseline 0.003 -19"><span class='ocrx_word' id='word_1_33' title='bbox 187 480 300 534; x_wconf 69' lang='grc' dir='ltr'><strong>ρτὴν</strong></span> <span class='ocrx_word' id='word_1_34' title='bbox 329 479 487 532; x_wconf 84' lang='grc' dir='ltr'><em>χώραν,</em></span> <span class='ocrx_word' id='word_1_35' title='bbox 518 479 752 528; x_wconf 76' lang='grc' dir='ltr'><em>ἐννοοῦντες</em></span> <span class='ocrx_word' id='word_1_36' title='bbox 781 480 965 522; x_wconf 77' lang='grc' dir='ltr'><em>α’δὺνατα</em></span> <span class='ocrx_word' id='word_1_37' title='bbox 996 479 1167 522; x_wconf 78' lang='grc' dir='ltr'><em>ἔσεσθαι</em></span> <span class='ocrx_word' id='word_1_38' title='bbox 1195 482 1348 531; x_wconf 69' lang='grc' dir='ltr'><em>αὐτούς</em></span> <span class='ocrx_word' id='word_1_39' title='bbox 1376 484 1420 524; x_wconf 82' lang='grc' dir='ltr'><em>ἐν</em></span> <span class='ocrx_word' id='word_1_40' title='bbox 1446 485 1558 540; x_wconf 81' lang='grc' dir='ltr'><em>μέσῳ</em></span> <span class='ocrx_word' id='word_1_41' title='bbox 1588 486 1660 537; x_wconf 82' lang='grc' dir='ltr'><strong>τῆς</strong></span> 
     </span>
     <span class='ocr_line' id='line_1_6' title="bbox 223 539 1690 606; baseline 0.004 -23"><span class='ocrx_word' id='word_1_42' title='bbox 223 547 426 595; x_wconf 83' lang='grc' dir='ltr'><em>βασιλέως</em></span> <span class='ocrx_word' id='word_1_43' title='bbox 453 544 597 597; x_wconf 79' lang='grc' dir='ltr'><em>χώρας</em></span> <span class='ocrx_word' id='word_1_44' title='bbox 626 539 814 597; x_wconf 62' lang='grc' dir='ltr'><em>ἀντέχειν</em></span> <span class='ocrx_word' id='word_1_45' title='bbox 841 548 883 593; x_wconf 80' lang='grc' dir='ltr'><strong>ἐς</strong></span> <span class='ocrx_word' id='word_1_46' title='bbox 921 548 1047 593; x_wconf 84' lang='grc' dir='ltr'><em>τέλος.</em></span> <span class='ocrx_word' id='word_1_47' title='bbox 1104 546 1398 588; x_wconf 75' lang='grc' dir='ltr'><em>α’ναπείθονται</em></span> <span class='ocrx_word' id='word_1_48' title='bbox 1427 543 1500 588; x_wconf 74' lang='grc' dir='ltr'><em>οὖν</em></span> <span class='ocrx_word' id='word_1_49' title='bbox 1528 549 1595 603; x_wconf 76' lang='grc' dir='ltr'><strong>ἐφ’</strong></span> <span class='ocrx_word' id='word_1_50' title='bbox 1624 542 1690 606; x_wconf 78' lang='grc' dir='ltr'>ᾦό</span> 
     </span>
     <span class='ocr_line' id='line_1_7' title="bbox 224 603 1658 664; baseline 0.006 -17"><span class='ocrx_word' id='word_1_51' title='bbox 224 603 353 661; x_wconf 68' lang='grc' dir='ltr'><em>ἄλλην</em></span> <span class='ocrx_word' id='word_1_52' title='bbox 397 608 488 649; x_wconf 72' lang='lat' dir='ltr'><em>‹lm—l</em></span> <span class='ocrx_word' id='word_1_53' title='bbox 527 610 600 661; x_wconf 79' lang='grc' dir='ltr'><strong>τῆς</strong></span> <span class='ocrx_word' id='word_1_54' title='bbox 643 612 847 663; x_wconf 77' lang='grc' dir='ltr'><strong><em>σφετέρας</em></strong></span> <span class='ocrx_word' id='word_1_55' title='bbox 884 610 1027 651; x_wconf 69' lang='grc' dir='ltr'><em>αὐτῶν</em></span> <span class='ocrx_word' id='word_1_56' title='bbox 1056 611 1178 664; x_wconf 81' lang='grc' dir='ltr'><em>σφίσι</em></span> <span class='ocrx_word' id='word_1_57' title='bbox 1203 612 1397 662; x_wconf 73' lang='grc' dir='ltr'><em>γενέσθαι</em></span> <span class='ocrx_word' id='word_1_58' title='bbox 1426 609 1507 651; x_wconf 70' lang='grc' dir='ltr'><strong>ὑπὸ</strong></span> <span class='ocrx_word' id='word_1_59' title='bbox 1536 615 1658 664; x_wconf 86' lang='grc' dir='ltr'><em>βασι-</em></span> 
     </span>
     <span class='ocr_line' id='line_1_8' title="bbox 222 671 1661 729; baseline 0.004 -17"><span class='ocrx_word' id='word_1_60' title='bbox 222 675 336 719; x_wconf 87' lang='grc' dir='ltr'><em>λέως.</em></span> <span class='ocrx_word' id='word_1_61' title='bbox 394 673 465 713; x_wconf 81' lang='grc' dir='ltr'>καί</span> <span class='ocrx_word' id='word_1_62' title='bbox 494 671 739 727; x_wconf 71' lang='grc' dir='ltr'><em>ἀφικόμενοι</em></span> <span class='ocrx_word' id='word_1_63' title='bbox 786 672 827 721; x_wconf 75' lang='grc' dir='ltr'><strong>ἐς</strong></span> <span class='ocrx_word' id='word_1_64' title='bbox 855 675 930 722; x_wconf 83' lang='grc' dir='ltr'><strong>τάς</strong></span> <span class='ocrx_word' id='word_1_65' title='bbox 960 674 1097 729; x_wconf 74' lang='grc' dir='ltr'><em>θύρας</em></span> <span class='ocrx_word' id='word_1_66' title='bbox 1141 674 1214 727; x_wconf 79' lang='grc' dir='ltr'><em>τήν</em></span> <span class='ocrx_word' id='word_1_67' title='bbox 1240 690 1284 715; x_wconf 92' lang='grc' dir='ltr'><strong>τε</strong></span> <span class='ocrx_word' id='word_1_68' title='bbox 1311 675 1453 729; x_wconf 79' lang='grc' dir='ltr'><em>χώραν</em></span> <span class='ocrx_word' id='word_1_69' title='bbox 1480 678 1661 729; x_wconf 82' lang='grc' dir='ltr'><em>παρέδο-</em></span> 
     </span>
     <span class='ocr_line' id='line_1_9' title="bbox 222 736 1657 795; baseline 0.001 -17"><span class='ocrx_word' id='word_1_70' title='bbox 222 754 312 790; x_wconf 86' lang='grc' dir='ltr'><em>σαν,</em></span> <span class='ocrx_word' id='word_1_71' title='bbox 341 737 410 779; x_wconf 85' lang='grc' dir='ltr'>καί</span> <span class='ocrx_word' id='word_1_72' title='bbox 455 739 506 778; x_wconf 84' lang='grc' dir='ltr'><strong>ου’</strong></span> <span class='ocrx_word' id='word_1_73' title='bbox 529 741 662 794; x_wconf 78' lang='grc' dir='ltr'><em>πολλῷ</em></span> <span class='ocrx_word' id='word_1_74' title='bbox 692 736 866 792; x_wconf 72' lang='grc' dir='ltr'><em>ὕστερον</em></span> <span class='ocrx_word' id='word_1_75' title='bbox 897 739 1052 788; x_wconf 73' lang='grc' dir='ltr'><em>αὐτούς</em></span> <span class='ocrx_word' id='word_1_76' title='bbox 1095 739 1137 788; x_wconf 79' lang='grc' dir='ltr'><strong>ἐς</strong></span> <span class='ocrx_word' id='word_1_77' title='bbox 1167 739 1357 794; x_wconf 73' lang='grc' dir='ltr'><em>φυλακήν</em></span> <span class='ocrx_word' id='word_1_78' title='bbox 1382 740 1657 795; x_wconf 79' lang='grc' dir='ltr'><em>ποιησάμενος</em></span> 
     </span>
     <span class='ocr_line' id='line_1_10' title="bbox 222 801 1657 860; baseline 0.003 -18"><span class='ocrx_word' id='word_1_79' title='bbox 222 804 496 854; x_wconf 73' lang='grc' dir='ltr'><em>εἰσεκομίζετο</em></span> <span class='ocrx_word' id='word_1_80' title='bbox 536 805 597 845; x_wconf 78' lang='grc' dir='ltr'><strong>ἐπ’</strong></span> <span class='ocrx_word' id='word_1_81' title='bbox 639 803 784 855; x_wconf 81' lang='grc' dir='ltr'><em>οἴκου,</em></span> <span class='ocrx_word' id='word_1_82' title='bbox 813 804 883 845; x_wconf 71' lang='grc' dir='ltr'><strong>καὶ</strong></span> <span class='ocrx_word' id='word_1_83' title='bbox 913 803 982 846; x_wconf 86' lang='grc' dir='ltr'><em>τόν</em></span> <span class='ocrx_word' id='word_1_84' title='bbox 1012 820 1055 844; x_wconf 86' lang='grc' dir='ltr'><strong>τε</strong></span> <span class='ocrx_word' id='word_1_85' title='bbox 1084 803 1258 859; x_wconf 88' lang='grc' dir='ltr'><em>στρατὸν</em></span> <span class='ocrx_word' id='word_1_86' title='bbox 1285 801 1372 856; x_wconf 71' lang='grc' dir='ltr'><strong>ἅμα</strong></span> <span class='ocrx_word' id='word_1_87' title='bbox 1402 807 1528 860; x_wconf 73' lang='grc' dir='ltr'><em>διῆκε.</em></span> <span class='ocrx_word' id='word_1_88' title='bbox 1585 803 1657 847; x_wconf 80' lang='grc' dir='ltr'><em>τὸν</em></span> 
     </span>
     <span class='ocr_line' id='line_1_11' title="bbox 221 869 1712 924; baseline 0.003 -18"><span class='ocrx_word' id='word_1_89' title='bbox 221 870 364 919; x_wconf 85' lang='grc' dir='ltr'><em>μέντοι</em></span> <span class='ocrx_word' id='word_1_90' title='bbox 392 871 564 920; x_wconf 79' lang='grc' dir='ltr'><em>βασιλέα</em></span> <span class='ocrx_word' id='word_1_91' title='bbox 612 869 830 922; x_wconf 79' lang='grc' dir='ltr'><em>Ἰλλυριῶν</em></span> <span class='ocrx_word' id='word_1_92' title='bbox 869 869 1112 910; x_wconf 77' lang='grc' dir='ltr'><em>α’πελαύνων</em></span> <span class='ocrx_word' id='word_1_93' title='bbox 1149 871 1193 910; x_wconf 79' lang='grc' dir='ltr'><strong>ἐκ</strong></span> <span class='ocrx_word' id='word_1_94' title='bbox 1218 871 1291 923; x_wconf 80' lang='grc' dir='ltr'><strong>τῆς</strong></span> <span class='ocrx_word' id='word_1_95' title='bbox 1319 870 1485 923; x_wconf 82' lang='grc' dir='ltr'><em>χώρας,</em></span> <span class='ocrx_word' id='word_1_96' title='bbox 1514 869 1656 924; x_wconf 74' lang='grc' dir='ltr'><em>ἕωθεν,</em></span> <span class='ocrx_word' id='word_1_97' title='bbox 1671 878 1712 910; x_wconf 86' lang='grc'><strong>10</strong></span> 
     </span>
     <span class='ocr_line' id='line_1_12' title="bbox 221 930 1752 989; baseline 0.003 -18"><span class='ocrx_word' id='word_1_98' title='bbox 221 930 277 979; x_wconf 77' lang='grc' dir='ltr'><strong>ὥς</strong></span> <span class='ocrx_word' id='word_1_99' title='bbox 307 930 351 972; x_wconf 76' lang='grc' dir='ltr'><em>ἐν</em></span> <span class='ocrx_word' id='word_1_100' title='bbox 379 934 436 988; x_wconf 71' lang='grc' dir='ltr'><strong>τῷ</strong></span> <span class='ocrx_word' id='word_1_101' title='bbox 465 932 728 989; x_wconf 79' lang='grc' dir='ltr'><em>στρατοπέδῳ</em></span> <span class='ocrx_word' id='word_1_102' title='bbox 753 931 1006 985; x_wconf 71' lang='grc' dir='ltr'><em>ἀνεπαύετο,</em></span> <span class='ocrx_word' id='word_1_103' title='bbox 1036 931 1414 986; x_wconf 79' lang='grc' dir='ltr'><em>μεταπεμψάμενος</em></span> <span class='ocrx_word' id='word_1_104' title='bbox 1443 935 1580 975; x_wconf 77' lang='grc' dir='ltr'><em>ἐκάλει</em></span> <span class='ocrx_word' id='word_1_105' title='bbox 1614 936 1656 983; x_wconf 78' lang='grc' dir='ltr'><strong>ἐς</strong></span> <span class='ocrx_word' id='word_1_106' title='bbox 1728 946 1752 964; x_wconf 78' lang='grc'><em>·</em></span> 
     </span>
     <span class='ocr_line' id='line_1_13' title="bbox 222 991 1656 1054; baseline 0.003 -19"><span class='ocrx_word' id='word_1_107' title='bbox 222 991 322 1047; x_wconf 75' lang='grc' dir='ltr'><em>ὄψιν</em></span> <span class='ocrx_word' id='word_1_108' title='bbox 361 996 435 1050; x_wconf 73' lang='grc' dir='ltr'><em>τήν</em></span> <span class='ocrx_word' id='word_1_109' title='bbox 477 994 642 1039; x_wconf 73' lang='grc' dir='ltr'><em>ἑαυτοῦ.</em></span> <span class='ocrx_word' id='word_1_110' title='bbox 714 997 735 1037; x_wconf 82' lang='grc' dir='ltr'>ὅ</span> <span class='ocrx_word' id='word_1_111' title='bbox 776 999 820 1038; x_wconf 82' lang='grc' dir='ltr'><strong>δὲ</strong></span> <span class='ocrx_word' id='word_1_112' title='bbox 865 999 1020 1047; x_wconf 73' lang='grc' dir='ltr'><em>συνιείς</em></span> <span class='ocrx_word' id='word_1_113' title='bbox 1057 998 1112 1046; x_wconf 75' lang='grc' dir='ltr'><strong>ὥς</strong></span> <span class='ocrx_word' id='word_1_114' title='bbox 1152 999 1226 1038; x_wconf 70' lang='grc' dir='ltr'><strong>οὐκ</strong></span> <span class='ocrx_word' id='word_1_115' title='bbox 1265 1000 1330 1039; x_wconf 77' lang='grc' dir='ltr'><strong>ἐπ’</strong></span> <span class='ocrx_word' id='word_1_116' title='bbox 1357 995 1502 1054; x_wconf 70' lang='grc' dir='ltr'><em>ἀγαθῷ</em></span> <span class='ocrx_word' id='word_1_117' title='bbox 1528 1014 1656 1050; x_wconf 83' lang='grc' dir='ltr'><em>μετα-</em></span> 
     </span>
    </p>

    <p class='ocr_par' dir='ltr' id='par_1_3' title="bbox 177 1058 1710 1569">
     <span class='ocr_line' id='line_1_14' title="bbox 177 1058 1659 1118; baseline 0.002 -17"><span class='ocrx_word' id='word_1_118' title='bbox 177 1064 425 1112; x_wconf 79' lang='grc' dir='ltr'><em>Βπὲμπεται</em></span> <span class='ocrx_word' id='word_1_119' title='bbox 453 1061 608 1115; x_wconf 74' lang='grc' dir='ltr'><em>αὐτόν,</em></span> <span class='ocrx_word' id='word_1_120' title='bbox 645 1062 696 1104; x_wconf 78' lang='grc' dir='ltr'><strong>τὰ</strong></span> <span class='ocrx_word' id='word_1_121' title='bbox 742 1058 858 1115; x_wconf 77' lang='grc' dir='ltr'><em>ὅρκια</em></span> <span class='ocrx_word' id='word_1_122' title='bbox 889 1065 931 1103; x_wconf 85' lang='grc' dir='ltr'><em>ὲν</em></span> <span class='ocrx_word' id='word_1_123' title='bbox 972 1066 1117 1117; x_wconf 77' lang='grc' dir='ltr'><em>χερσῖν</em></span> <span class='ocrx_word' id='word_1_124' title='bbox 1144 1062 1252 1116; x_wconf 79' lang='grc' dir='ltr'><em>ἔχων</em></span> <span class='ocrx_word' id='word_1_125' title='bbox 1280 1065 1479 1118; x_wconf 76' lang='grc' dir='ltr'><strong>ἐξηγέρθη</strong></span> <span class='ocrx_word' id='word_1_126' title='bbox 1506 1079 1561 1117; x_wconf 87' lang='grc' dir='ltr'><strong>τε,</strong></span> <span class='ocrx_word' id='word_1_127' title='bbox 1586 1065 1659 1105; x_wconf 81' lang='grc' dir='ltr'>καί</span> 
     </span>
     <span class='ocr_line' id='line_1_15' title="bbox 219 1124 1657 1182; baseline 0.001 -15"><span class='ocrx_word' id='word_1_128' title='bbox 219 1124 275 1174; x_wconf 74' lang='grc' dir='ltr'><strong>ὥς</strong></span> <span class='ocrx_word' id='word_1_129' title='bbox 306 1126 478 1181; x_wconf 76' lang='grc' dir='ltr'><em>ἀπήχθη</em></span> <span class='ocrx_word' id='word_1_130' title='bbox 518 1125 559 1174; x_wconf 76' lang='grc' dir='ltr'><strong>ἐς</strong></span> <span class='ocrx_word' id='word_1_131' title='bbox 598 1124 698 1179; x_wconf 79' lang='grc' dir='ltr'><em>ὄψιν</em></span> <span class='ocrx_word' id='word_1_132' title='bbox 733 1130 809 1181; x_wconf 79' lang='grc' dir='ltr'><em>τὴν</em></span> <span class='ocrx_word' id='word_1_133' title='bbox 837 1129 1068 1180; x_wconf 85' lang='grc' dir='ltr'><em>βασιλέως,</em></span> <span class='ocrx_word' id='word_1_134' title='bbox 1105 1128 1314 1179; x_wconf 83' lang='grc' dir='ltr'><em>α’πέταμόν</em></span> <span class='ocrx_word' id='word_1_135' title='bbox 1350 1143 1396 1168; x_wconf 83' lang='grc' dir='ltr'><strong>-τε</strong></span> <span class='ocrx_word' id='word_1_136' title='bbox 1425 1125 1553 1169; x_wconf 54' lang='lat' dir='ltr'><strong><em>aito&amp;</em></strong></span> <span class='ocrx_word' id='word_1_137' title='bbox 1583 1128 1657 1182; x_wconf 77' lang='grc' dir='ltr'><em>τὴν</em></span> 
     </span>
     <span class='ocr_line' id='line_1_16' title="bbox 216 1190 1710 1248; baseline 0.003 -17"><span class='ocrx_word' id='word_1_138' title='bbox 216 1190 400 1245; x_wconf 71' lang='grc' dir='ltr'><em>κεφαλήν</em></span> <span class='ocrx_word' id='word_1_139' title='bbox 437 1191 700 1243; x_wconf 63' lang='grc' dir='ltr'><em>ἐζιιτάξαντος</em></span> <span class='ocrx_word' id='word_1_140' title='bbox 741 1195 957 1243; x_wconf 83' lang='grc' dir='ltr'><em>βασιλέως.</em></span> <span class='ocrx_word' id='word_1_141' title='bbox 1034 1194 1195 1245; x_wconf 77' lang='grc' dir='ltr'><em>λέγεται</em></span> <span class='ocrx_word' id='word_1_142' title='bbox 1232 1194 1278 1232; x_wconf 85' lang='grc' dir='ltr'><strong>δὲ</strong></span> <span class='ocrx_word' id='word_1_143' title='bbox 1312 1194 1383 1233; x_wconf 83' lang='grc' dir='ltr'><strong><em>καί</em></strong></span> <span class='ocrx_word' id='word_1_144' title='bbox 1421 1192 1654 1248; x_wconf 75' lang='grc' dir='ltr'><em>διδασκάλῳ</em></span> <span class='ocrx_word' id='word_1_145' title='bbox 1670 1204 1710 1236; x_wconf 89' lang='grc'><strong>15</strong></span> 
     </span>
     <span class='ocr_line' id='line_1_17' title="bbox 216 1254 1654 1312; baseline 0.002 -17"><span class='ocrx_word' id='word_1_146' title='bbox 216 1256 349 1296; x_wconf 73' lang='grc' dir='ltr'><em>αὐτοῦ</em></span> <span class='ocrx_word' id='word_1_147' title='bbox 377 1259 432 1312; x_wconf 71' lang='grc' dir='ltr'><strong>τῷ</strong></span> <span class='ocrx_word' id='word_1_148' title='bbox 449 1259 596 1312; x_wconf 80' lang='grc' dir='ltr'><em>Πέρσῃ</em></span> <span class='ocrx_word' id='word_1_149' title='bbox 619 1258 762 1297; x_wconf 76' lang='grc' dir='ltr'><em>τοῦτον</em></span> <span class='ocrx_word' id='word_1_150' title='bbox 790 1262 1024 1310; x_wconf 82' lang='grc' dir='ltr'><em>παρασχεῖν</em></span> <span class='ocrx_word' id='word_1_151' title='bbox 1050 1254 1156 1298; x_wconf 69' lang='grc' dir='ltr'><em>ὥστε</em></span> <span class='ocrx_word' id='word_1_152' title='bbox 1186 1257 1512 1310; x_wconf 75' lang='grc' dir='ltr'><em>διαχρήσασθαι·</em></span> <span class='ocrx_word' id='word_1_153' title='bbox 1540 1255 1579 1297; x_wconf 81' lang='grc' dir='ltr'><strong>οἱ</strong></span> <span class='ocrx_word' id='word_1_154' title='bbox 1609 1259 1654 1298; x_wconf 84' lang='grc' dir='ltr'><strong>δὲ</strong></span> 
     </span>
     <span class='ocr_line' id='line_1_18' title="bbox 216 1320 1652 1378; baseline 0.001 -18"><span class='ocrx_word' id='word_1_155' title='bbox 216 1321 416 1374; x_wconf 77' lang='grc' dir='ltr'><em>μάγειρον</em></span> <span class='ocrx_word' id='word_1_156' title='bbox 447 1321 579 1362; x_wconf 77' lang='grc' dir='ltr'><em>αὐτοῦ</em></span> <span class='ocrx_word' id='word_1_157' title='bbox 610 1321 883 1374; x_wconf 76' lang='grc' dir='ltr'><em>αἰτησάμενον</em></span> <span class='ocrx_word' id='word_1_158' title='bbox 912 1321 1082 1362; x_wconf 67' lang='grc' dir='ltr'><em>ἀνελεῖν.</em></span> <span class='ocrx_word' id='word_1_159' title='bbox 1138 1323 1405 1374; x_wconf 76' lang='grc' dir='ltr'><em>διενεχθέντα</em></span> <span class='ocrx_word' id='word_1_160' title='bbox 1435 1323 1480 1362; x_wconf 79' lang='grc' dir='ltr'><strong>δὲ</strong></span> <span class='ocrx_word' id='word_1_161' title='bbox 1511 1320 1652 1378; x_wconf 80' lang='grc' dir='ltr'><em>γνώμῃ</em></span> 
     </span>
     <span class='ocr_line' id='line_1_19' title="bbox 215 1383 1653 1439; baseline 0 -15"><span class='ocrx_word' id='word_1_162' title='bbox 215 1383 319 1437; x_wconf 85' lang='grc' dir='ltr'><em>πρὸς</em></span> <span class='ocrx_word' id='word_1_163' title='bbox 356 1385 648 1439; x_wconf 85' lang='grc' dir='ltr'><em>Μαχουμούτη</em></span> <span class='ocrx_word' id='word_1_164' title='bbox 695 1386 768 1425; x_wconf 83' lang='grc' dir='ltr'><em>τόν</em></span> <span class='ocrx_word' id='word_1_165' title='bbox 799 1384 1054 1438; x_wconf 81' lang='grc' dir='ltr'><em>Μιχαήλου,</em></span> <span class='ocrx_word' id='word_1_166' title='bbox 1092 1388 1249 1437; x_wconf 86' lang='grc' dir='ltr'><em>λέγεται</em></span> <span class='ocrx_word' id='word_1_167' title='bbox 1280 1387 1438 1426; x_wconf 85' lang='grc' dir='ltr'><em>α’νελεῖν</em></span> <span class='ocrx_word' id='word_1_168' title='bbox 1463 1389 1653 1427; x_wconf 77' lang='grc' dir='ltr'><em>κελεῦσαι</em></span> 
     </span>
     <span class='ocr_line' id='line_1_20' title="bbox 213 1446 1654 1504; baseline 0.001 -14"><span class='ocrx_word' id='word_1_169' title='bbox 213 1449 285 1490; x_wconf 86' lang='grc' dir='ltr'><em>τὸν</em></span> <span class='ocrx_word' id='word_1_170' title='bbox 312 1453 488 1503; x_wconf 85' lang='grc' dir='ltr'><em>βασιλέα</em></span> <span class='ocrx_word' id='word_1_171' title='bbox 537 1452 771 1504; x_wconf 75' lang='grc' dir='ltr'><em>Ἰλλυριῶν.</em></span> <span class='ocrx_word' id='word_1_172' title='bbox 838 1446 958 1498; x_wconf 70' lang='grc' dir='ltr'><em>οὗτος</em></span> <span class='ocrx_word' id='word_1_173' title='bbox 1003 1453 1078 1502; x_wconf 80' lang='grc' dir='ltr'><em>μὲν</em></span> <span class='ocrx_word' id='word_1_174' title='bbox 1107 1448 1156 1502; x_wconf 72' lang='grc' dir='ltr'><em>δὴ</em></span> <span class='ocrx_word' id='word_1_175' title='bbox 1191 1446 1294 1491; x_wconf 71' lang='grc' dir='ltr'><em>οὕτω</em></span> <span class='ocrx_word' id='word_1_176' title='bbox 1324 1453 1482 1502; x_wconf 82' lang='grc' dir='ltr'><em>λέγεται</em></span> <span class='ocrx_word' id='word_1_177' title='bbox 1511 1455 1654 1492; x_wconf 83' lang='grc' dir='ltr'><em>τελευ-</em></span> 
     </span>
     <span class='ocr_line' id='line_1_21' title="bbox 213 1509 1709 1569; baseline 0 -13"><span class='ocrx_word' id='word_1_178' title='bbox 213 1515 341 1568; x_wconf 81' lang='grc' dir='ltr'><em>τῆσαι</em></span> <span class='ocrx_word' id='word_1_179' title='bbox 368 1514 469 1566; x_wconf 70' lang='grc' dir='ltr'><em>μετὰ</em></span> <span class='ocrx_word' id='word_1_180' title='bbox 498 1517 569 1568; x_wconf 76' lang='grc' dir='ltr'><strong>τῆς</strong></span> <span class='ocrx_word' id='word_1_181' title='bbox 598 1514 816 1568; x_wconf 78' lang='grc' dir='ltr'><em>ἡγεμονίας</em></span> <span class='ocrx_word' id='word_1_182' title='bbox 843 1515 975 1555; x_wconf 81' lang='grc' dir='ltr'><em>αιῖτοῦ</em></span> <span class='ocrx_word' id='word_1_183' title='bbox 1004 1514 1083 1554; x_wconf 78' lang='grc' dir='ltr'><strong>ὑπὸ</strong></span> <span class='ocrx_word' id='word_1_184' title='bbox 1115 1517 1320 1566; x_wconf 83' lang='grc' dir='ltr'><em>βασιλέως</em></span> <span class='ocrx_word' id='word_1_185' title='bbox 1348 1509 1709 1569; x_wconf 69' lang='grc' dir='ltr'><em>καταστροφήν.2ο</em></span> 
     </span>
    </p>

    <p class='ocr_par' dir='ltr' id='par_1_4' title="bbox 216 1575 1653 1699">
     <span class='ocr_line' id='line_1_22' title="bbox 319 1575 1652 1632; baseline 0 -12"><span class='ocrx_word' id='word_1_186' title='bbox 319 1579 389 1626; x_wconf 59' lang='grc' dir='ltr'><strong>(Ως</strong></span> <span class='ocrx_word' id='word_1_187' title='bbox 417 1580 494 1630; x_wconf 83' lang='grc' dir='ltr'><em>μὲν</em></span> <span class='ocrx_word' id='word_1_188' title='bbox 525 1575 598 1620; x_wconf 73' lang='grc' dir='ltr'><em>οὖν</em></span> <span class='ocrx_word' id='word_1_189' title='bbox 626 1578 735 1620; x_wconf 75' lang='grc' dir='ltr'><em>ἑάλω</em></span> <span class='ocrx_word' id='word_1_190' title='bbox 774 1580 799 1632; x_wconf 80' lang='grc' dir='ltr'><em>ἦ</em></span> <span class='ocrx_word' id='word_1_191' title='bbox 830 1581 911 1620; x_wconf 75' lang='grc' dir='ltr'><em>τῶν</em></span> <span class='ocrx_word' id='word_1_192' title='bbox 947 1581 1164 1632; x_wconf 79' lang='grc' dir='ltr'><em>Ἰλλυριῶν</em></span> <span class='ocrx_word' id='word_1_193' title='bbox 1192 1579 1327 1631; x_wconf 78' lang='grc' dir='ltr'><em>χώρα,</em></span> <span class='ocrx_word' id='word_1_194' title='bbox 1355 1575 1474 1620; x_wconf 63' lang='grc' dir='ltr'><strong>καὶὸ</strong></span> <span class='ocrx_word' id='word_1_195' title='bbox 1503 1590 1547 1620; x_wconf 76' lang='grc' dir='ltr'><strong>τε</strong></span> <span class='ocrx_word' id='word_1_196' title='bbox 1575 1583 1652 1630; x_wconf 68' lang='grc' dir='ltr'><em>βα·</em></span> 
     </span>
     <span class='ocr_line' id='line_1_23' title="bbox 216 1641 1653 1699; baseline 0.001 -15"><span class='ocrx_word' id='word_1_197' title='bbox 216 1644 356 1692; x_wconf 77' lang='grc' dir='ltr'><em>σιλεὺς</em></span> <span class='ocrx_word' id='word_1_198' title='bbox 383 1641 643 1698; x_wconf 75' lang='grc' dir='ltr'><em>ἐτελεύτησεν</em></span> <span class='ocrx_word' id='word_1_199' title='bbox 680 1643 808 1692; x_wconf 68' lang='grc' dir='ltr'><em>ἁλοὺς</em></span> <span class='ocrx_word' id='word_1_200' title='bbox 845 1647 917 1685; x_wconf 78' lang='grc' dir='ltr'><strong>καί</strong></span> <span class='ocrx_word' id='word_1_201' title='bbox 951 1642 988 1685; x_wconf 88' lang='grc' dir='ltr'><strong>οἱ</strong></span> <span class='ocrx_word' id='word_1_202' title='bbox 1033 1646 1170 1685; x_wconf 76' lang='grc' dir='ltr'><em>λοιποί</em></span> <span class='ocrx_word' id='word_1_203' title='bbox 1199 1643 1390 1698; x_wconf 66' lang='grc' dir='ltr'><em>ἡγεμόνες</em></span> <span class='ocrx_word' id='word_1_204' title='bbox 1419 1644 1576 1699; x_wconf 84' lang='grc' dir='ltr'><em>εἴχοντο</em></span> <span class='ocrx_word' id='word_1_205' title='bbox 1611 1647 1653 1686; x_wconf 86' lang='grc' dir='ltr'><em>ἐν</em></span> 
     </span>
    </p>
   </div>
   <div class='ocr_carea' id='block_1_2' title="bbox 217 1812 1652 2638">
    <p class='ocr_par' dir='ltr' id='par_1_5' title="bbox 217 1812 1652 2638">
     <span class='ocr_line' id='line_1_24' title="bbox 217 1812 1650 1856; baseline 0.001 -12"><span class='ocrx_word' id='word_1_206' title='bbox 217 1812 419 1844; x_wconf 77' lang='lat' dir='ltr'>traderent:</span> <span class='ocrx_word' id='word_1_207' title='bbox 447 1812 543 1856; x_wconf 84' lang='lat' dir='ltr'><strong>quod</strong></span> <span class='ocrx_word' id='word_1_208' title='bbox 569 1813 596 1844; x_wconf 89' lang='lat' dir='ltr'><strong>si</strong></span> <span class='ocrx_word' id='word_1_209' title='bbox 621 1813 788 1853; x_wconf 77' lang='lat' dir='ltr'><strong>facerent,</strong></span> <span class='ocrx_word' id='word_1_210' title='bbox 818 1813 891 1845; x_wconf 83' lang='lat' dir='ltr'><strong>fore</strong></span> <span class='ocrx_word' id='word_1_211' title='bbox 916 1818 954 1845; x_wconf 89' lang='lat' dir='ltr'><strong>ut</strong></span> <span class='ocrx_word' id='word_1_212' title='bbox 981 1812 1109 1856; x_wconf 83' lang='lat' dir='ltr'><strong>singuli</strong></span> <span class='ocrx_word' id='word_1_213' title='bbox 1138 1813 1240 1844; x_wconf 85' lang='lat' dir='ltr'><strong>aliam</strong></span> <span class='ocrx_word' id='word_1_214' title='bbox 1271 1813 1447 1855; x_wconf 82' lang='lat' dir='ltr'>regionem</span> <span class='ocrx_word' id='word_1_215' title='bbox 1472 1812 1509 1844; x_wconf 85' lang='lat' dir='ltr'><strong>in</strong></span> <span class='ocrx_word' id='word_1_216' title='bbox 1537 1813 1650 1846; x_wconf 90' lang='lat' dir='ltr'><strong>Euro-</strong></span> 
     </span>
     <span class='ocr_line' id='line_1_25' title="bbox 217 1858 1651 1904; baseline 0.003 -16"><span class='ocrx_word' id='word_1_217' title='bbox 217 1869 260 1903; x_wconf 80' lang='lat' dir='ltr'><strong>pa</strong></span> <span class='ocrx_word' id='word_1_218' title='bbox 289 1858 332 1889; x_wconf 89' lang='lat' dir='ltr'><strong>ab</strong></span> <span class='ocrx_word' id='word_1_219' title='bbox 361 1869 440 1901; x_wconf 76' lang='lat' dir='ltr'><strong>rege</strong></span> <span class='ocrx_word' id='word_1_220' title='bbox 466 1860 675 1903; x_wconf 74' lang='lat' dir='ltr'>acciperent.</span> <span class='ocrx_word' id='word_1_221' title='bbox 704 1860 882 1904; x_wconf 85' lang='lat' dir='ltr'><strong>principes</strong></span> <span class='ocrx_word' id='word_1_222' title='bbox 918 1860 970 1891; x_wconf 87' lang='lat' dir='ltr'><strong>illi</strong></span> <span class='ocrx_word' id='word_1_223' title='bbox 1000 1859 1154 1902; x_wconf 83' lang='lat' dir='ltr'>persuasi</span> <span class='ocrx_word' id='word_1_224' title='bbox 1181 1869 1391 1903; x_wconf 85' lang='lat' dir='ltr'><strong>praeconum</strong></span> <span class='ocrx_word' id='word_1_225' title='bbox 1412 1858 1530 1891; x_wconf 81' lang='lat' dir='ltr'><strong>verbis</strong></span> <span class='ocrx_word' id='word_1_226' title='bbox 1552 1869 1588 1892; x_wconf 90' lang='lat' dir='ltr'><strong>se</strong></span> <span class='ocrx_word' id='word_1_227' title='bbox 1615 1864 1651 1892; x_wconf 79' lang='lat' dir='ltr'><strong>et</strong></span> 
     </span>
     <span class='ocr_line' id='line_1_26' title="bbox 220 1904 1650 1949; baseline 0.001 -13"><span class='ocrx_word' id='word_1_228' title='bbox 220 1904 398 1946; x_wconf 73' lang='lat' dir='ltr'><strong>regionem</strong></span> <span class='ocrx_word' id='word_1_229' title='bbox 427 1905 496 1948; x_wconf 83' lang='lat' dir='ltr'><strong>regi</strong></span> <span class='ocrx_word' id='word_1_230' title='bbox 521 1906 776 1949; x_wconf 85' lang='lat' dir='ltr'><strong>manciparunt.</strong></span> <span class='ocrx_word' id='word_1_231' title='bbox 827 1905 1032 1948; x_wconf 83' lang='lat' dir='ltr'><strong>cogitabant</strong></span> <span class='ocrx_word' id='word_1_232' title='bbox 1068 1905 1159 1937; x_wconf 85' lang='lat' dir='ltr'><strong>enim</strong></span> <span class='ocrx_word' id='word_1_233' title='bbox 1199 1904 1419 1949; x_wconf 87' lang='lat' dir='ltr'><strong>impossibile</strong></span> <span class='ocrx_word' id='word_1_234' title='bbox 1446 1906 1522 1937; x_wconf 84' lang='lat' dir='ltr'><strong>fore</strong></span> <span class='ocrx_word' id='word_1_235' title='bbox 1550 1910 1589 1938; x_wconf 88' lang='lat' dir='ltr'><strong>ut</strong></span> <span class='ocrx_word' id='word_1_236' title='bbox 1614 1905 1650 1938; x_wconf 84' lang='lat' dir='ltr'><strong>in</strong></span> 
     </span>
     <span class='ocr_line' id='line_1_27' title="bbox 218 1950 1650 1996; baseline 0.001 -16"><span class='ocrx_word' id='word_1_237' title='bbox 218 1956 396 1994; x_wconf 83' lang='lat' dir='ltr'><strong>posterum</strong></span> <span class='ocrx_word' id='word_1_238' title='bbox 438 1952 616 1994; x_wconf 80' lang='lat' dir='ltr'><strong>regionem</strong></span> <span class='ocrx_word' id='word_1_239' title='bbox 656 1962 753 1983; x_wconf 85' lang='lat' dir='ltr'><strong>snam</strong></span> <span class='ocrx_word' id='word_1_240' title='bbox 792 1950 984 1984; x_wconf 79' lang='lat' dir='ltr'><strong>defendere</strong></span> <span class='ocrx_word' id='word_1_241' title='bbox 1009 1956 1045 1983; x_wconf 88' lang='lat' dir='ltr'><strong>et</strong></span> <span class='ocrx_word' id='word_1_242' title='bbox 1069 1951 1175 1983; x_wconf 82' lang='lat' dir='ltr'><strong>tutari</strong></span> <span class='ocrx_word' id='word_1_243' title='bbox 1210 1956 1365 1994; x_wconf 84' lang='lat' dir='ltr'><strong>possent,</strong></span> <span class='ocrx_word' id='word_1_244' title='bbox 1389 1961 1467 1983; x_wconf 90' lang='lat' dir='ltr'><strong>cum</strong></span> <span class='ocrx_word' id='word_1_245' title='bbox 1493 1950 1650 1996; x_wconf 83' lang='lat' dir='ltr'><strong>undique</strong></span> 
     </span>
     <span class='ocr_line' id='line_1_28' title="bbox 218 1996 1651 2042; baseline 0.001 -14"><span class='ocrx_word' id='word_1_246' title='bbox 218 1997 443 2038; x_wconf 72' lang='lat' dir='ltr'><strong>cingerentur</strong></span> <span class='ocrx_word' id='word_1_247' title='bbox 470 1999 559 2041; x_wconf 83' lang='lat' dir='ltr'><strong>regis</strong></span> <span class='ocrx_word' id='word_1_248' title='bbox 586 1998 740 2040; x_wconf 81' lang='lat' dir='ltr'><strong>regione,</strong></span> <span class='ocrx_word' id='word_1_249' title='bbox 767 1998 866 2042; x_wconf 83' lang='lat' dir='ltr'><strong>quasi</strong></span> <span class='ocrx_word' id='word_1_250' title='bbox 894 1999 928 2030; x_wconf 89' lang='lat' dir='ltr'><strong>in</strong></span> <span class='ocrx_word' id='word_1_251' title='bbox 954 1997 1068 2030; x_wconf 85' lang='lat' dir='ltr'><strong>medio</strong></span> <span class='ocrx_word' id='word_1_252' title='bbox 1094 1996 1307 2030; x_wconf 82' lang='lat' dir='ltr'><strong>habitantes.</strong></span> <span class='ocrx_word' id='word_1_253' title='bbox 1355 2007 1472 2030; x_wconf 87' lang='lat' dir='ltr'><strong>verum</strong></span> <span class='ocrx_word' id='word_1_254' title='bbox 1500 1997 1651 2042; x_wconf 79' lang='lat' dir='ltr'><strong>profecti</strong></span> 
     </span>
     <span class='ocr_line' id='line_1_29' title="bbox 220 2042 1650 2086; baseline 0.001 -12"><span class='ocrx_word' id='word_1_255' title='bbox 220 2044 257 2074; x_wconf 90' lang='lat' dir='ltr'><strong>in</strong></span> <span class='ocrx_word' id='word_1_256' title='bbox 282 2044 404 2075; x_wconf 84' lang='lat' dir='ltr'><strong>ianuas</strong></span> <span class='ocrx_word' id='word_1_257' title='bbox 432 2044 543 2086; x_wconf 82' lang='lat' dir='ltr'><strong>regis,</strong></span> <span class='ocrx_word' id='word_1_258' title='bbox 568 2043 634 2075; x_wconf 86' lang='lat' dir='ltr'><strong>hac</strong></span> <span class='ocrx_word' id='word_1_259' title='bbox 675 2043 884 2076; x_wconf 91' lang='lat' dir='ltr'><strong>condicione</strong></span> <span class='ocrx_word' id='word_1_260' title='bbox 913 2043 1056 2076; x_wconf 88' lang='lat' dir='ltr'><strong>adducti</strong></span> <span class='ocrx_word' id='word_1_261' title='bbox 1083 2042 1301 2075; x_wconf 86' lang='lat' dir='ltr'><strong>deditionem</strong></span> <span class='ocrx_word' id='word_1_262' title='bbox 1330 2043 1490 2082; x_wconf 75' lang='lat' dir='ltr'><strong>faciunt,</strong></span> <span class='ocrx_word' id='word_1_263' title='bbox 1517 2048 1556 2076; x_wconf 85' lang='lat' dir='ltr'><strong>ut</strong></span> <span class='ocrx_word' id='word_1_264' title='bbox 1580 2044 1650 2076; x_wconf 84' lang='lat' dir='ltr'><strong>alia</strong></span> 
     </span>
     <span class='ocr_line' id='line_1_30' title="bbox 221 2089 1650 2134; baseline 0.001 -14"><span class='ocrx_word' id='word_1_265' title='bbox 221 2090 364 2131; x_wconf 81' lang='lat' dir='ltr'><strong>regione</strong></span> <span class='ocrx_word' id='word_1_266' title='bbox 390 2100 453 2132; x_wconf 84' lang='lat' dir='ltr'><strong>pro</strong></span> <span class='ocrx_word' id='word_1_267' title='bbox 487 2101 548 2121; x_wconf 83' lang='lat' dir='ltr'><strong>sua</strong></span> <span class='ocrx_word' id='word_1_268' title='bbox 577 2089 620 2120; x_wconf 88' lang='lat' dir='ltr'><strong>ab</strong></span> <span class='ocrx_word' id='word_1_269' title='bbox 659 2101 737 2132; x_wconf 81' lang='lat' dir='ltr'><strong>rege</strong></span> <span class='ocrx_word' id='word_1_270' title='bbox 764 2089 991 2122; x_wconf 84' lang='lat' dir='ltr'><strong>donarentur.</strong></span> <span class='ocrx_word' id='word_1_271' title='bbox 1039 2100 1107 2121; x_wconf 89' lang='lat' dir='ltr'><strong>nec</strong></span> <span class='ocrx_word' id='word_1_272' title='bbox 1132 2090 1244 2122; x_wconf 80' lang='lat' dir='ltr'><strong>multo</strong></span> <span class='ocrx_word' id='word_1_273' title='bbox 1273 2094 1355 2134; x_wconf 86' lang='lat' dir='ltr'><strong>post</strong></span> <span class='ocrx_word' id='word_1_274' title='bbox 1381 2089 1445 2122; x_wconf 86' lang='lat' dir='ltr'><strong>hos</strong></span> <span class='ocrx_word' id='word_1_275' title='bbox 1471 2089 1650 2134; x_wconf 82' lang='lat' dir='ltr'><strong>compedi-</strong></span> 
     </span>
     <span class='ocr_line' id='line_1_31' title="bbox 220 2135 1649 2179; baseline 0.001 -13"><span class='ocrx_word' id='word_1_276' title='bbox 220 2135 284 2166; x_wconf 88' lang='lat' dir='ltr'><strong>bus</strong></span> <span class='ocrx_word' id='word_1_277' title='bbox 309 2135 529 2179; x_wconf 81' lang='lat' dir='ltr'><strong>compeditos</strong></span> <span class='ocrx_word' id='word_1_278' title='bbox 563 2135 710 2167; x_wconf 78' lang='lat' dir='ltr'><strong>abduxit</strong></span> <span class='ocrx_word' id='word_1_279' title='bbox 738 2135 896 2175; x_wconf 85' lang='lat' dir='ltr'><strong>domum,</strong></span> <span class='ocrx_word' id='word_1_280' title='bbox 923 2137 1027 2168; x_wconf 87' lang='lat' dir='ltr'><strong>simul</strong></span> <span class='ocrx_word' id='word_1_281' title='bbox 1049 2136 1152 2168; x_wconf 87' lang='lat' dir='ltr'><strong>etiam</strong></span> <span class='ocrx_word' id='word_1_282' title='bbox 1180 2137 1370 2167; x_wconf 85' lang='lat' dir='ltr'><strong>exercitum</strong></span> <span class='ocrx_word' id='word_1_283' title='bbox 1396 2135 1541 2167; x_wconf 82' lang='lat' dir='ltr'><strong>dimisit.</strong></span> <span class='ocrx_word' id='word_1_284' title='bbox 1591 2146 1649 2167; x_wconf 86' lang='lat' dir='ltr'><strong>re-</strong></span> 
     </span>
     <span class='ocr_line' id='line_1_32' title="bbox 221 2181 1649 2226; baseline 0 -13"><span class='ocrx_word' id='word_1_285' title='bbox 221 2192 296 2224; x_wconf 80' lang='lat' dir='ltr'><strong>gem</strong></span> <span class='ocrx_word' id='word_1_286' title='bbox 325 2182 543 2223; x_wconf 78' lang='lat' dir='ltr'><strong>Illyricorum</strong></span> <span class='ocrx_word' id='word_1_287' title='bbox 570 2192 685 2221; x_wconf 81' lang='lat' dir='ltr'><strong>mane,</strong></span> <span class='ocrx_word' id='word_1_288' title='bbox 710 2192 786 2212; x_wconf 87' lang='lat' dir='ltr'><strong>eum</strong></span> <span class='ocrx_word' id='word_1_289' title='bbox 817 2183 852 2213; x_wconf 90' lang='lat' dir='ltr'><strong>in</strong></span> <span class='ocrx_word' id='word_1_290' title='bbox 872 2183 991 2214; x_wconf 77' lang='lat' dir='ltr'><strong>castris</strong></span> <span class='ocrx_word' id='word_1_291' title='bbox 1019 2183 1216 2226; x_wconf 80' lang='lat' dir='ltr'><strong>quiesceret</strong></span> <span class='ocrx_word' id='word_1_292' title='bbox 1241 2186 1276 2213; x_wconf 89' lang='lat' dir='ltr'><strong>et</strong></span> <span class='ocrx_word' id='word_1_293' title='bbox 1296 2181 1431 2214; x_wconf 83' lang='lat' dir='ltr'><strong>abitum</strong></span> <span class='ocrx_word' id='word_1_294' title='bbox 1453 2181 1649 2220; x_wconf 79' lang='lat' dir='ltr'><strong>moliretur,</strong></span> 
     </span>
     <span class='ocr_line' id='line_1_33' title="bbox 221 2226 1650 2272; baseline 0.001 -14"><span class='ocrx_word' id='word_1_295' title='bbox 221 2228 403 2260; x_wconf 78' lang='lat' dir='ltr'><strong>accersivit</strong></span> <span class='ocrx_word' id='word_1_296' title='bbox 427 2228 464 2259; x_wconf 90' lang='lat' dir='ltr'><strong>in</strong></span> <span class='ocrx_word' id='word_1_297' title='bbox 492 2234 714 2272; x_wconf 85' lang='lat' dir='ltr'><strong>conspectum</strong></span> <span class='ocrx_word' id='word_1_298' title='bbox 743 2239 842 2259; x_wconf 89' lang='lat' dir='ltr'><strong>suum</strong></span> <span class='ocrx_word' id='word_1_299' title='bbox 883 2229 942 2272; x_wconf 87' lang='lat' dir='ltr'><strong>qui</strong></span> <span class='ocrx_word' id='word_1_300' title='bbox 973 2240 1048 2260; x_wconf 89' lang='lat' dir='ltr'><strong>cum</strong></span> <span class='ocrx_word' id='word_1_301' title='bbox 1086 2227 1302 2269; x_wconf 82' lang='lat' dir='ltr'><strong>intelligeret</strong></span> <span class='ocrx_word' id='word_1_302' title='bbox 1327 2238 1363 2259; x_wconf 89' lang='lat' dir='ltr'><strong>se</strong></span> <span class='ocrx_word' id='word_1_303' title='bbox 1386 2238 1506 2271; x_wconf 82' lang='lat' dir='ltr'><strong>parum</strong></span> <span class='ocrx_word' id='word_1_304' title='bbox 1533 2226 1650 2260; x_wconf 80' lang='lat' dir='ltr'><strong>favore</strong></span> 
     </span>
     <span class='ocr_line' id='line_1_34' title="bbox 223 2273 1649 2318; baseline 0.002 -14"><span class='ocrx_word' id='word_1_305' title='bbox 223 2274 311 2316; x_wconf 80' lang='lat' dir='ltr'><strong>regis</strong></span> <span class='ocrx_word' id='word_1_306' title='bbox 340 2274 478 2312; x_wconf 82' lang='lat' dir='ltr'><strong>vocari,</strong></span> <span class='ocrx_word' id='word_1_307' title='bbox 516 2279 640 2306; x_wconf 80' lang='lat' dir='ltr'><strong>tene-ns</strong></span> <span class='ocrx_word' id='word_1_308' title='bbox 676 2284 778 2305; x_wconf 84' lang='lat' dir='ltr'><strong>manu</strong></span> <span class='ocrx_word' id='word_1_309' title='bbox 804 2274 938 2306; x_wconf 74' lang='lat' dir='ltr'><strong>litteras</strong></span> <span class='ocrx_word' id='word_1_310' title='bbox 967 2274 1094 2318; x_wconf 88' lang='lat' dir='ltr'><strong>quibus</strong></span> <span class='ocrx_word' id='word_1_311' title='bbox 1132 2273 1379 2305; x_wconf 85' lang='lat' dir='ltr'><strong>continebatur</strong></span> <span class='ocrx_word' id='word_1_312' title='bbox 1407 2273 1649 2307; x_wconf 83' lang='lat' dir='ltr'><strong>iusiurandum</strong></span> 
     </span>
     <span class='ocr_line' id='line_1_35' title="bbox 220 2319 1650 2364; baseline 0.001 -14"><span class='ocrx_word' id='word_1_313' title='bbox 220 2319 265 2351; x_wconf 82' lang='lat' dir='ltr'><strong>ab</strong></span> <span class='ocrx_word' id='word_1_314' title='bbox 292 2319 515 2352; x_wconf 80' lang='lat' dir='ltr'><strong>Machumete</strong></span> <span class='ocrx_word' id='word_1_315' title='bbox 543 2319 674 2359; x_wconf 79' lang='lat' dir='ltr'><strong>datum,</strong></span> <span class='ocrx_word' id='word_1_316' title='bbox 699 2319 866 2364; x_wconf 77' lang='lat' dir='ltr'><strong>prodibat</strong></span> <span class='ocrx_word' id='word_1_317' title='bbox 905 2321 942 2352; x_wconf 89' lang='lat' dir='ltr'><strong>in</strong></span> <span class='ocrx_word' id='word_1_318' title='bbox 969 2325 1194 2363; x_wconf 81' lang='lat' dir='ltr'><strong>conspectum</strong></span> <span class='ocrx_word' id='word_1_319' title='bbox 1224 2320 1324 2361; x_wconf 81' lang='lat' dir='ltr'><strong>regis.</strong></span> <span class='ocrx_word' id='word_1_320' title='bbox 1375 2325 1414 2351; x_wconf 90' lang='lat' dir='ltr'><strong>ut</strong></span> <span class='ocrx_word' id='word_1_321' title='bbox 1438 2320 1475 2352; x_wconf 87' lang='lat' dir='ltr'><strong>in</strong></span> <span class='ocrx_word' id='word_1_322' title='bbox 1500 2330 1650 2364; x_wconf 85' lang='lat' dir='ltr'><strong>conspe-</strong></span> 
     </span>
     <span class='ocr_line' id='line_1_36' title="bbox 221 2365 1652 2410; baseline 0.001 -13"><span class='ocrx_word' id='word_1_323' title='bbox 221 2372 314 2398; x_wconf 82' lang='lat' dir='ltr'><strong>ctum</strong></span> <span class='ocrx_word' id='word_1_324' title='bbox 341 2367 428 2409; x_wconf 84' lang='lat' dir='ltr'><strong>regis</strong></span> <span class='ocrx_word' id='word_1_325' title='bbox 454 2367 571 2405; x_wconf 88' lang='lat' dir='ltr'><strong>venit,</strong></span> <span class='ocrx_word' id='word_1_326' title='bbox 613 2377 691 2409; x_wconf 82' lang='lat' dir='ltr'><strong>rege</strong></span> <span class='ocrx_word' id='word_1_327' title='bbox 714 2366 909 2410; x_wconf 85' lang='lat' dir='ltr'><strong>imperante</strong></span> <span class='ocrx_word' id='word_1_328' title='bbox 938 2372 1046 2410; x_wconf 87' lang='lat' dir='ltr'><strong>caput</strong></span> <span class='ocrx_word' id='word_1_329' title='bbox 1080 2365 1153 2397; x_wconf 87' lang='lat' dir='ltr'><strong>eius</strong></span> <span class='ocrx_word' id='word_1_330' title='bbox 1177 2367 1370 2408; x_wconf 83' lang='lat' dir='ltr'><strong>praecisum</strong></span> <span class='ocrx_word' id='word_1_331' title='bbox 1397 2371 1458 2398; x_wconf 86' lang='lat' dir='ltr'><strong>est.</strong></span> <span class='ocrx_word' id='word_1_332' title='bbox 1507 2366 1652 2398; x_wconf 82' lang='lat' dir='ltr'><strong>tradunt</strong></span> 
     </span>
     <span class='ocr_line' id='line_1_37' title="bbox 224 2411 1648 2456; baseline -0.001 -12"><span class='ocrx_word' id='word_1_333' title='bbox 224 2423 337 2455; x_wconf 82' lang='lat' dir='ltr'><strong>regem</strong></span> <span class='ocrx_word' id='word_1_334' title='bbox 364 2413 566 2456; x_wconf 81' lang='lat' dir='ltr'><strong>propinasse</strong></span> <span class='ocrx_word' id='word_1_335' title='bbox 594 2411 876 2444; x_wconf 81' lang='lat' dir='ltr'><strong>interficiendum</strong></span> <span class='ocrx_word' id='word_1_336' title='bbox 903 2413 1102 2454; x_wconf 88' lang='lat' dir='ltr'><strong>Illyriorum</strong></span> <span class='ocrx_word' id='word_1_337' title='bbox 1139 2422 1255 2453; x_wconf 82' lang='lat' dir='ltr'><strong>regem</strong></span> <span class='ocrx_word' id='word_1_338' title='bbox 1281 2413 1402 2444; x_wconf 85' lang='lat' dir='ltr'><strong>Persae</strong></span> <span class='ocrx_word' id='word_1_339' title='bbox 1428 2411 1648 2456; x_wconf 83' lang='lat' dir='ltr'><strong>praeceptori</strong></span> 
     </span>
     <span class='ocr_line' id='line_1_38' title="bbox 222 2456 1650 2503; baseline 0 -14"><span class='ocrx_word' id='word_1_340' title='bbox 222 2469 298 2490; x_wconf 89' lang='lat' dir='ltr'><strong>suo.</strong></span> <span class='ocrx_word' id='word_1_341' title='bbox 349 2464 429 2491; x_wconf 89' lang='lat' dir='ltr'><strong>sunt</strong></span> <span class='ocrx_word' id='word_1_342' title='bbox 453 2459 512 2502; x_wconf 85' lang='lat' dir='ltr'><strong>qui</strong></span> <span class='ocrx_word' id='word_1_343' title='bbox 533 2458 686 2490; x_wconf 79' lang='lat' dir='ltr'><strong>reserant</strong></span> <span class='ocrx_word' id='word_1_344' title='bbox 710 2469 861 2502; x_wconf 87' lang='lat' dir='ltr'><strong>coquum</strong></span> <span class='ocrx_word' id='word_1_345' title='bbox 886 2459 1016 2501; x_wconf 85' lang='lat' dir='ltr'><strong>regium</strong></span> <span class='ocrx_word' id='word_1_346' title='bbox 1041 2459 1146 2490; x_wconf 82' lang='lat' dir='ltr'><strong>istum</strong></span> <span class='ocrx_word' id='word_1_347' title='bbox 1165 2457 1289 2498; x_wconf 87' lang='lat' dir='ltr'><strong>virum,</strong></span> <span class='ocrx_word' id='word_1_348' title='bbox 1312 2457 1430 2490; x_wconf 88' lang='lat' dir='ltr'><strong>nescio</strong></span> <span class='ocrx_word' id='word_1_349' title='bbox 1459 2456 1555 2503; x_wconf 86' lang='lat' dir='ltr'><strong>quod</strong></span> <span class='ocrx_word' id='word_1_350' title='bbox 1580 2457 1650 2489; x_wconf 86' lang='lat' dir='ltr'><strong>cri-</strong></span> 
     </span>
     <span class='ocr_line' id='line_1_39' title="bbox 221 2502 1646 2547; baseline 0 -12"><span class='ocrx_word' id='word_1_351' title='bbox 221 2516 301 2536; x_wconf 74' lang='lat' dir='ltr'><strong>men</strong></span> <span class='ocrx_word' id='word_1_352' title='bbox 331 2505 368 2537; x_wconf 92' lang='lat' dir='ltr'><strong>in</strong></span> <span class='ocrx_word' id='word_1_353' title='bbox 397 2515 474 2536; x_wconf 89' lang='lat' dir='ltr'><strong>eum</strong></span> <span class='ocrx_word' id='word_1_354' title='bbox 500 2505 762 2544; x_wconf 86' lang='lat' dir='ltr'><strong>intendentem,</strong></span> <span class='ocrx_word' id='word_1_355' title='bbox 788 2504 993 2536; x_wconf 87' lang='lat' dir='ltr'><strong>confecisse.</strong></span> <span class='ocrx_word' id='word_1_356' title='bbox 1042 2515 1120 2536; x_wconf 87' lang='lat' dir='ltr'><strong>nam</strong></span> <span class='ocrx_word' id='word_1_357' title='bbox 1159 2504 1199 2543; x_wconf 88' lang='lat' dir='ltr'><strong>is,</strong></span> <span class='ocrx_word' id='word_1_358' title='bbox 1225 2515 1302 2535; x_wconf 86' lang='lat' dir='ltr'><strong>cum</strong></span> <span class='ocrx_word' id='word_1_359' title='bbox 1328 2504 1517 2547; x_wconf 86' lang='lat' dir='ltr'><strong>plurimum</strong></span> <span class='ocrx_word' id='word_1_360' title='bbox 1542 2502 1646 2535; x_wconf 86' lang='lat' dir='ltr'><strong>dissi-</strong></span> 
     </span>
     <span class='ocr_line' id='line_1_40' title="bbox 221 2549 1648 2593; baseline 0 -12"><span class='ocrx_word' id='word_1_361' title='bbox 221 2550 321 2582; x_wconf 83' lang='lat' dir='ltr'><strong>deret</strong></span> <span class='ocrx_word' id='word_1_362' title='bbox 355 2562 374 2582; x_wconf 88' lang='lat' dir='ltr'><strong>a</strong></span> <span class='ocrx_word' id='word_1_363' title='bbox 413 2552 590 2583; x_wconf 84' lang='lat' dir='ltr'><strong>sententia</strong></span> <span class='ocrx_word' id='word_1_364' title='bbox 625 2550 856 2583; x_wconf 78' lang='lat' dir='ltr'><strong>Maeliuinetis</strong></span> <span class='ocrx_word' id='word_1_365' title='bbox 882 2551 946 2583; x_wconf 87' lang='lat' dir='ltr'><strong>filii</strong></span> <span class='ocrx_word' id='word_1_366' title='bbox 974 2550 1183 2590; x_wconf 76' lang='lat' dir='ltr'><strong>Michaelis,</strong></span> <span class='ocrx_word' id='word_1_367' title='bbox 1212 2551 1302 2593; x_wconf 81' lang='lat' dir='ltr'><strong>regis</strong></span> <span class='ocrx_word' id='word_1_368' title='bbox 1326 2550 1421 2582; x_wconf 83' lang='lat' dir='ltr'><strong>iussu</strong></span> <span class='ocrx_word' id='word_1_369' title='bbox 1450 2549 1648 2592; x_wconf 84' lang='lat' dir='ltr'><strong>lllyriorum</strong></span> 
     </span>
     <span class='ocr_line' id='line_1_41' title="bbox 221 2597 578 2638; baseline 0.006 -11"><span class='ocrx_word' id='word_1_370' title='bbox 221 2607 335 2638; x_wconf 84' lang='lat' dir='ltr'><strong>regem</strong></span> <span class='ocrx_word' id='word_1_371' title='bbox 366 2597 437 2629; x_wconf 84' lang='lat' dir='ltr'><strong>leto</strong></span> <span class='ocrx_word' id='word_1_372' title='bbox 467 2597 578 2629; x_wconf 91' lang='lat' dir='ltr'><strong>dedit.</strong></span> 
     </span>
    </p>
   </div>
   <div class='ocr_carea' id='block_1_3' title="bbox 220 2651 1648 2744">
    <p class='ocr_par' dir='ltr' id='par_1_6' title="bbox 220 2651 1648 2744">
     <span class='ocr_line' id='line_1_42' title="bbox 313 2651 1648 2697; baseline 0 -13"><span class='ocrx_word' id='word_1_373' title='bbox 313 2653 351 2684; x_wconf 86' lang='lat' dir='ltr'><strong>In</strong></span> <span class='ocrx_word' id='word_1_374' title='bbox 380 2652 473 2685; x_wconf 85' lang='lat' dir='ltr'><strong>hunc</strong></span> <span class='ocrx_word' id='word_1_375' title='bbox 499 2653 639 2685; x_wconf 90' lang='lat' dir='ltr'><strong>modum</strong></span> <span class='ocrx_word' id='word_1_376' title='bbox 664 2653 851 2686; x_wconf 86' lang='lat' dir='ltr'><strong>memoriae</strong></span> <span class='ocrx_word' id='word_1_377' title='bbox 883 2651 1058 2697; x_wconf 85' lang='lat' dir='ltr'><strong>proditum</strong></span> <span class='ocrx_word' id='word_1_378' title='bbox 1098 2657 1150 2684; x_wconf 86' lang='lat' dir='ltr'><strong>est</strong></span> <span class='ocrx_word' id='word_1_379' title='bbox 1175 2651 1344 2684; x_wconf 84' lang='lat' dir='ltr'><strong>occidisse</strong></span> <span class='ocrx_word' id='word_1_380' title='bbox 1370 2651 1568 2694; x_wconf 86' lang='lat' dir='ltr'><strong>Illyriorum</strong></span> <span class='ocrx_word' id='word_1_381' title='bbox 1592 2662 1648 2684; x_wconf 81' lang='lat' dir='ltr'><strong>re-</strong></span> 
     </span>
     <span class='ocr_line' id='line_1_43' title="bbox 220 2698 1648 2744; baseline 0.001 -14"><span class='ocrx_word' id='word_1_382' title='bbox 220 2708 308 2740; x_wconf 81' lang='lat' dir='ltr'><strong>gem,</strong></span> <span class='ocrx_word' id='word_1_383' title='bbox 337 2705 505 2744; x_wconf 85' lang='lat' dir='ltr'><strong>occupato</strong></span> <span class='ocrx_word' id='word_1_384' title='bbox 542 2710 647 2744; x_wconf 81' lang='lat' dir='ltr'><strong>regno</strong></span> <span class='ocrx_word' id='word_1_385' title='bbox 674 2699 749 2733; x_wconf 91' lang='lat' dir='ltr'><strong>eius</strong></span> <span class='ocrx_word' id='word_1_386' title='bbox 791 2699 834 2731; x_wconf 89' lang='lat' dir='ltr'><strong>ab</strong></span> <span class='ocrx_word' id='word_1_387' title='bbox 879 2709 957 2742; x_wconf 84' lang='lat' dir='ltr'><strong>rege</strong></span> <span class='ocrx_word' id='word_1_388' title='bbox 988 2699 1194 2731; x_wconf 85' lang='lat' dir='ltr'><strong>Turcorum.</strong></span> <span class='ocrx_word' id='word_1_389' title='bbox 1251 2699 1377 2732; x_wconf 85' lang='lat' dir='ltr'><strong>Veneti</strong></span> <span class='ocrx_word' id='word_1_390' title='bbox 1406 2703 1440 2731; x_wconf 86' lang='lat' dir='ltr'><strong>et</strong></span> <span class='ocrx_word' id='word_1_391' title='bbox 1466 2698 1648 2731; x_wconf 71' lang='lat' dir='ltr'><strong>pannones</strong></span> 
     </span>
    </p>
   </div>
  </div>
 </body>
</html>
