1884 3178
493 195 566 235 DE
605 193 777 234 nunus
819 192 1074 236 Tuacucis
1114 195 1163 235 L.
1191 195 1266 234 m.
1515 185 1605 236 147

139 298 216 352 ζῆν
244 294 518 351 ἀπήλλαττεν,
548 293 598 335 οὗ
619 294 743 346 θέμις
771 289 881 335 εἶναι
911 293 1090 348 φάσκων
1116 294 1176 343 ε’ἶς
1208 293 1410 349 τοιαύτην
1436 295 1655 348 γενομέ-ῐ)

136 377 236 412 νους
262 360 396 418 τύχην
420 361 628 416 περιιέναι
659 358 759 407 τούς
775 374 818 401 τε
839 358 1011 408 λοιποὺς
1033 362 1114 402 τῶν
1135 360 1377 415 ἀνθρώπων
1408 362 1611 416 διαφθεί-

137 444 289 484 ροντας
331 429 407 470 καί
432 426 593 474 αὐτούς
635 426 692 474 ὥς
720 424 772 466 τὰ
803 424 936 467 πολλὰ
971 427 1306 480 παραπαιόντας.
1363 428 1528 480 λέγεται
1564 428 1611 469 δὲ

137 495 296 551 ταύτης
321 496 395 550 τῆς
421 493 580 541 πόλεως
607 490 683 546 τήν
721 492 952 547 συμφοράν
986 493 1311 545 ὑπερβαλέσθαι
1339 493 1415 542 τὰς
1443 492 1612 535 πώποτε

103 561 359 616 5γενομένας
386 561 468 603 τῶν
499 557 661 600 πόλεων
689 556 927 613 ξυμφορᾶς.
984 557 1269 613 Ὀρθογρούλη
1301 560 1348 600 δὲ
1379 557 1446 600 τὸν
1478 561 1610 600 παῖδα

140 625 399 681 Παιαζήτεω
442 623 668 677 συλλαβών
708 626 846 676 ζῶντα
875 625 946 666 ἐπὶ
984 623 1148 679 ἡμέρας
1177 625 1377 679 περιῆγε,
1420 624 1529 676 μετὰ
1564 627 1612 667 δὲ

138 694 275 735 ταῦτα
304 693 466 734 α’νελεῖν
507 692 710 733 ἐκέλευσε.
785 689 1041 745 Παιαζήτης
1079 693 1125 732 δὲ
1162 689 1218 739 ὥς
1245 690 1425 733 ἐπύθετο
1456 694 1612 734 ἕκαστα

135 761 230 811 μετ’
259 758 314 799 ου’
344 759 466 810 πολύ,
497 753 571 799 ἅτε
601 756 652 812 δὴ
689 757 714 811 ἧ
747 756 870 806 πόλις
899 757 1062 798 ἁλοῦσα
1092 754 1324 812 διεφθάρη,
1353 760 1427 798 καί
1459 756 1479 797 ὃ
1512 762 1612 807 παῖς

137 825 274 867 adro&
301 826 393 878 μετ’
421 824 472 865 οὕ
504 822 610 864 πολι)
642 819 814 879 ἤγγελτο
843 825 1093 878 τελευτῆσαι
1122 822 1203 863 ὑπὸ
1234 825 1446 876 βασιλέως
1475 823 1613 879 Τεμὴ-

81 903 232 945 ιορεω,
261 891 462 948 ξυμφορᾷ
488 906 533 931 τε
565 888 720 944 ἐχρῆτο
749 888 805 938 ὥς
834 888 1022 943 μα’λιστα
1053 889 1127 931 καί
1154 888 1199 931 ἐν
1237 893 1382 932 πένθει
1419 886 1486 945 ἦν.
1515 892 1610 932 δια·

134 959 216 1012 βάς
243 974 287 1000 τε
327 957 408 1013 γὰρ
442 955 493 1012 δὴ
527 958 571 1007 ἐς
595 955 674 1012 τήν
696 953 848 999 Ἀσίαν
866 991 878 1013 ‚
920 956 979 1004 ὥς
1007 957 1161 1010 βοσκόν
1198 973 1293 998 τινα
1322 955 1503 1011 ἑωράκει
1534 956 1610 999 αὖ-
1624 974 1720 1010 ρ,73

135 1027 314 1081 tofina,
354 1026 517 1079 λέγεται
570 1022 623 1079 δὴ
664 1025 823 1076 εἰπεῖν,
862 1021 1184 1078 ὲπιδηλιόσαντα
1232 1022 1278 1064 τὸ
1322 1021 1462 1072 πάθος
1494 1023 1610 1081 αὐτῷ

139 1088 227 1136 οἷον
255 1087 329 1148 ἦν,
360 1093 516 1134 “αυ’λεῑ’
554 1093 602 1132 δὲ
631 1091 767 1148 ᾠδήν,
809 1085 904 1132 οὔτε
947 1087 1210 1142 Σεβάστειαν
1251 1089 1470 1131 α’πιόλεσεν
1515 1087 1610 1132 οὕτε

137 1159 272 1200 παῖδα
304 1158 655 1214 Ὀρθογρούλην.”
714 1152 767 1212 ἦν
791 1155 871 1212 γαρ
905 1156 979 1212 δή,
1009 1154 1066 1204 ὥς
1099 1159 1277 1212 λέγεται,
1299 1154 1611 1212 Ὀρθογρούλης

81 1237 123 1271 15
135 1228 218 1268 τῶν
248 1224 402 1280 ἡλίκων
429 1224 478 1267 τὰ
510 1225 647 1267 πάντα
680 1221 927 1279 κράτιστος,
967 1223 1040 1266 καί
1068 1221 1356 1278 ἐξηγήσασθαι
1385 1223 1457 1265 ἐπὶ
1482 1224 1610 1264 πόλε-

134 1308 214 1344 μον
241 1289 405 1340 ἱκανός·
472 1289 538 1332 διὸ
582 1291 631 1346 δὴ
679 1291 754 1332 καί
780 1291 823 1331 ἐν
854 1292 905 1346 τῇ
944 1291 1066 1347 Ἀσίᾳ
1098 1293 1318 1331 κατέλιπεν
1348 1289 1490 1342 αὐτόν,
1519 1288 1609 1331 ἐπι-

135 1358 298 1411 τρέψας
325 1356 400 1411 τὴν
434 1355 573 1412 οἷρχὴν
601 1358 732 1413 αὐτῷ,
761 1351 790 1413 ᾗ
824 1357 963 1412 δοκοιή
985 1357 1103 1413 αὐτῷ
1131 1357 1174 1403 ἐς
1197 1355 1242 1397 τὸ
1272 1353 1609 1412 ἐπιτηδειότατον

135 1422 408 1466 καθιστάναι.
635 1471 646 1476 -

251 1487 378 1532 Kato}
418 1492 498 1542 μὲν
528 1483 602 1530 οὖν
639 1487 786 1543 τῆν’ὲς
820 1488 896 1543 τὴν
924 1486 1184 1546 Σεβάστειαν
1226 1487 1373 1530 ἔλασιν
1406 1488 1608 1543 Τεμήρεω

75 1565 123 1599 20
137 1558 324 1599 τοσαῦτα
351 1554 536 1609 ἐγένετο·
606 1557 697 1607 μετ’
744 1555 795 1596 οὗ
823 1551 930 1596 πόλι)
977 1556 1023 1596 δὲ
1050 1555 1123 1596 καί
1148 1556 1171 1610 ἦ
1203 1554 1408 1610 πρεσβεία
1441 1555 1607 1611 ἐφίκετο

134 1619 251 1679 παριὶ
279 1621 353 1665 τὸν
382 1624 571 1664 λαίλαπα
587 1623 853 1677 Παιαζήτην,
886 1624 960 1663 καί
978 1619 1195 1665 ἐκέλευσεν
1214 1620 1344 1664 αὐτὸν
1372 1620 1603 1664 ἀποδοῦναι

230 1750 286 1784 13.
317 1749 422 1785 αὔλει
459 1754 496 1783 et
526 1760 609 1784 mox
644 1749 840 1790 ἅπολέσεις
869 1761 948 1783 cum
981 1750 1180 1797 interprete
1218 1750 1386 1784 Hammer
1422 1751 1437 1784 1
1462 1762 1496 1797 p.
1520 1750 1600 1786 296.

231 1797 286 1832 16.
315 1791 380 1833 διὰ
406 1799 449 1831 P:
473 1807 552 1830 corr
575 1797 607 1830 H

134 1906 396 1948 multitudine,
431 1916 556 1939 omnes
584 1904 738 1939 interfici
772 1905 921 1939 curavit.
988 1904 1054 1939 hos
1092 1905 1189 1938 enim
1215 1905 1424 1952 ubicunque
1449 1906 1602 1953 adeptus

136 1954 247 1996 soret,
281 1954 483 1988 incolumes
524 1952 623 1986 abire
648 1952 749 1985 haud
776 1951 944 1994 sinebat,
968 1963 1199 1998 nequaquam
1228 1954 1280 1986 fas
1308 1965 1385 1987 esse
1409 1954 1534 1988 dicens
1562 1961 1603 1988 ut

134 2002 173 2035 hi
196 2001 409 2048 superstites
437 2001 522 2041 sint,
547 1999 784 2046 reliquosque
809 1999 974 2033 homines
1000 2000 1177 2041 inficiant,
1202 2001 1272 2047 ipsi
1293 2001 1506 2048 plerumque
1531 2003 1601 2035 mi-

134 2049 282 2084 serrime
305 2049 480 2082 viventes.
530 2046 625 2080 fama
649 2047 738 2081 exiit
764 2047 946 2080 excidium
972 2046 1070 2087 urbis
1095 2048 1199 2082 istins
1222 2049 1461 2083 miserrimum
1487 2060 1600 2094 supe-

135 2107 230 2130 rasse
255 2096 478 2130 calamitates
512 2105 662 2135 omnes,
701 2105 794 2140 quae
825 2095 864 2127 in
889 2095 981 2128 ullas
1016 2106 1176 2140 unquam
1206 2094 1455 2130 redundarunt
1481 2097 1600 2130 urbes.

134 2142 377 2178 Orthobulem
413 2141 580 2175 Paiazitis
617 2142 753 2184 filium,
789 2152 868 2175 cum
893 2142 993 2175 vivus
1024 2142 1063 2175 in
1099 2153 1225 2176 manus
1250 2144 1428 2185 venisset,
1458 2144 1601 2190 aliquot

132 2190 262 2224 diebus
286 2201 406 2224 secum
437 2188 701 2223 circumduxit:
740 2194 866 2234 postea
903 2188 1042 2222 cuidam
1078 2190 1265 2235 negotium
1308 2190 1411 2224 dedit
1452 2197 1492 2223 ut
1517 2203 1598 2224 eum

131 2238 361 2272 interficeret.
411 2236 599 2271 Paiazitem
616 2262 625 2276 ,
651 2242 693 2269 ut
717 2236 815 2269 urbis
856 2236 1035 2270 excidium
1062 2237 1273 2270 miserabile
1302 2237 1443 2284 filiique
1471 2239 1598 2271 interi-

131 2290 206 2319 tum
232 2285 403 2330 accepit,
449 2283 633 2317 calamitas
671 2284 862 2329 luctusque
894 2283 1139 2329 apprehendit
1176 2285 1360 2318 maximus.
1421 2286 1599 2318 transiens

131 2333 227 2365 enim
250 2333 288 2366 in
316 2332 454 2374 Asiam,
498 2336 539 2364 ut
575 2329 668 2364 vidit
702 2337 883 2376 pastorem
921 2331 1102 2376 quendam
1131 2332 1220 2364 tibia
1244 2337 1432 2365 canentem
1449 2358 1458 2373 ‚
1485 2333 1599 2365 fertur

132 2378 276 2420 dixisse,
312 2389 512 2412 moerorem
539 2389 643 2410 suum
668 2378 831 2411 indicans
857 2389 966 2423 quam
990 2378 1139 2412 acerbus
1166 2385 1274 2418 esset,
1298 2385 1412 2412 “cane
1442 2380 1599 2412 cantile-

131 2437 236 2468 nam,
267 2426 370 2459 cuius
409 2430 658 2471 argumentum
695 2426 761 2459 sit:
802 2436 921 2470 neque
953 2426 1152 2459 Sebastiam
1192 2427 1357 2466 amittas,
1396 2438 1463 2459 nec
1489 2427 1596 2460 etiam

131 2473 246 2506 filium
278 2473 554 2507 Orthobulem.’'
603 2479 680 2506 erat
703 2473 798 2506 enim
827 2472 1051 2506 Orthobules
1086 2474 1294 2519 aequalium
1321 2484 1466 2506 suorum
1493 2475 1592 2518 opti-

130 2532 221 2561 mus,
249 2520 356 2553 etiam
382 2521 455 2554 dux
479 2519 577 2554 haud
605 2519 902 2554 contemnendus.
960 2527 1184 2566 quapropter
1209 2531 1284 2553 non
1311 2520 1355 2552 ab
1382 2531 1419 2553 re
1449 2521 1596 2554 relictus

131 2572 187 2601 est
212 2579 232 2600 a
257 2572 359 2612 patre
384 2568 421 2601 in
447 2569 541 2609 Asia,
570 2574 611 2602 ut
638 2579 783 2612 regnum
816 2567 1085 2601 administraret
1110 2579 1154 2601 eo
1182 2566 1291 2600 modo
1329 2580 1402 2614 quo
1430 2568 1501 2601 sibi
1529 2580 1594 2613 pu-

130 2620 224 2649 taret
249 2615 536 2649 commodissime
561 2615 706 2649 habere.

223 2671 415 2718 Expeditio
441 2674 593 2707 Temiris
617 2679 744 2707 contra
770 2673 967 2707 Sebastiam
997 2673 1093 2706 hunc
1121 2673 1229 2706 finem
1256 2674 1383 2706 sortita
1412 2678 1478 2706 est.
1528 2685 1595 2707 nec

127 2719 244 2762 multo
271 2725 353 2765 post
376 2720 509 2763 legatio
533 2721 639 2754 missa
663 2726 718 2754 est
742 2720 788 2754 ad
805 2721 994 2755 Paiazitem
1018 2721 1184 2765 Laelapa,
1209 2731 1301 2764 quae
1327 2720 1431 2753 iussit
1457 2726 1496 2754 ut
1523 2721 1593 2754 du-

127 2766 232 2801 cibus
257 2767 467 2801 restitueret
492 2768 686 2812 regionem.
714 2768 815 2802 daret
840 2773 979 2802 tantum
1009 2768 1142 2811 butyri,
1170 2772 1345 2813 quantum
1374 2767 1495 2802 ferunt
1521 2768 1593 2802 duo
