1858 3210
455 193 528 231 DE
566 191 741 231 REssUs
780 187 1033 231 TURcicis
1074 189 1122 228 L.
1152 189 1220 228 ix.
1465 174 1564 226 493

93 294 252 337 θεσθαι
281 291 341 346 τῷ
370 287 477 344 ἥρωι
509 291 582 331 καί
604 288 662 343 μὴ
692 291 972 343 παραβαίνειν
1000 288 1053 329 ui
1085 286 1355 340 νομιζόμενα,
1388 287 1463 326 καί
1488 285 1568 326 τοῦ
1580 292 1623 326 V.
1636 290 1706 330 204

94 374 142 413 γε
170 359 321 400 λοιποῦ
349 353 496 411 ἄρχειν
527 355 728 398 ἁπάντων
766 352 1016 407 ἀνθρώπων.
1087 353 1161 394 καί
1191 349 1252 402 οἷς
1283 355 1321 395 ‹5’
1350 347 1402 394 ἂν
1430 353 1566 402 ξυντι-

26 420 38 471 ἶ,
95 426 213 469 θοῖτο
241 419 263 463 ὅ
306 419 555 476 ἅνθρωπος,
593 419 677 462 εἴτε
716 421 805 477 θεῷ
842 418 928 460 εἴτε
954 416 1101 472 ἥρωι,
1131 421 1175 469 ἐς
1204 415 1228 459 ὃ
1258 415 1310 460 ἂν
1339 417 1566 474 τελευτήσῃ

31 535 34 537 ,
95 491 326 534 πείθεσθαι
353 485 523 540 ἀνάγκη.
583 488 657 528 καί
680 484 734 528 σύ
756 483 868 540 ἡμᾶς
895 483 1048 526 τούσδε
1068 484 1313 539 ὁμοφύλους
1340 484 1400 538 μή
1431 484 1568 532 καλῶς

24 539 242 608 Ϊςθποιεῑς,
273 551 450 602 δούλους
487 550 612 601 ὄντας
651 552 727 594 τοῦ
774 548 932 606 ἥρωος,
980 549 1086 605 πρὸς
1123 549 1170 590 ὃν
1197 549 1272 599 τὰς
1296 549 1513 605 συνθήκας
1536 547 1606 604 ,ἤΒ

91 627 226 675 μοῖρα
253 617 449 670 ἐτάξατο·
523 619 573 660 οὐ
615 617 696 672 γὰρ
738 616 994 672 περιόψεται
1025 616 1136 671 ἡμᾶς
1166 619 1212 658 ἐκ
1240 619 1322 658 σοῦ
1348 620 1568 671 περιυβρι-

98 689 313 740 ζομ.ε’νουςΙ
343 687 417 726 καί
455 686 731 739 ἠδικημένους
771 684 1068 736 περινοστεῖν.”
1135 685 1269 725 ταῦτα
1301 682 1426 737 ἔλεγε.
1497 682 1571 724 καί

93 750 322 804 νπολαβών
352 749 373 791 ὅ
407 749 613 803 βασιλευς
657 747 770 803 ἔλεγε
801 750 959 790 τοιάδε.
1016 742 1076 790 “⁶13
1104 750 1241 803 γῦναι,
1267 750 1312 790 ἐν
1342 750 1435 805 δίκῃ
1466 749 1571 800 μέν-

21 867 23 871 ,
93 832 158 863 τοι
187 816 359 872 εἴρηταί
374 831 439 858 σοι
470 815 640 871 ἕκαστα,
672 811 722 856 εὖ
752 818 898 868 μέντοι
926 813 1124 857 ἐπίστασο
1143 814 1200 863 ὥς
1227 816 1298 856 καί
1324 817 1379 871 τῷ
1402 818 1577 868 βασιλεῖ’

22 873 218 939 ἶιθτιλὲον
244 900 283 926 τι
323 885 544 937 χαριζεται
582 884 608 937 ἡ
650 879 841 936 συνθήκη
880 879 954 923 καί
987 883 1043 937 τῷ
1072 879 1280 938 τυράννῳ.
1342 885 1489 937 φέρειν
1521 884 1568 923 δὲ

23 954 30 961 ’
94 948 297 998 τοῦτο,τὰ
330 947 560 1003 πράγματα
578 950 791 1004 πέφυκεν·
850 944 900 1001 ἢν
918 949 964 989 δὲ
991 950 1064 989 καί
1087 947 1183 996 τους
1201 947 1442 1003 ὁμοφύλους
1473 950 1569 997 ἑξα-

92 1016 320 1071 μαρτάνων
346 1030 407 1064 τις
439 1015 660 1070 φαίνηται,
692 1014 850 1068 α’νοίγκη
871 1015 943 1055 ἑπί
969 1015 1210 1068 μαρτυρίαν
1230 1016 1354 1055 τοῦτο
1385 1014 1491 1056 αὐτό
1508 1029 1571 1063 τις

93 1082 285 1128 Medera:
314 1080 390 1123 καί
417 1078 590 1122 ἐπιόντα
620 1080 876 1134 ἀμύνεσθαι.
945 1082 1018 1121 καί
1045 1080 1165 1135 ἡμεῖς
1215 1081 1262 1121 δὲ
1290 1083 1417 1122 τοῦτο
1448 1096 1568 1136 ποιη-

95 1147 284 1204 σάμενοι,
314 1148 388 1190 καί
418 1147 681 1201 προειπόντες
722 1146 836 1203 αὐτῷ
867 1145 924 1200 μὴ
965 1148 1171 1200 παρέχειν
1198 1150 1246 1203 τῇ
1271 1144 1456 1206 ἡμετέρᾳ
1480 1147 1569 1201 χώ-

38 1233 82 1268 15
95 1232 163 1272 9¹2⁶,
196 1210 291 1256 οὔτε
322 1215 520 1267 ἀπείχετο
551 1211 594 1254 τὸ
628 1211 829 1266 παράπαν
857 1212 929 1253 καί
954 1210 1084 1254 ἐπιών
1114 1211 1299 1266 ἐνοχλεῖν
1329 1214 1404 1253 οὐκ
1436 1213 1608 1261 anati-c

94 1295 225 1327 σατο.,
270 1278 386 1332 ὅμως
422 1279 523 1320 τάδε
564 1280 841 1326 ἐπιτέλλοντες
884 1280 943 1334 τῷ
971 1280 1032 1334 σῷ
1071 1276 1162 1335 υἱῷ,
1195 1273 1446 1331 ἀντεχόμεθα
1492 1281 1570 1331 μὲν

94 1348 171 1395 τοῦ
208 1347 360 1388 λοιποῦ
389 1347 463 1399 τῆς
492 1343 650 1398 χώρας,
694 1345 765 1398 ἐφ’
795 1337 827 1400 ᾦ
855 1343 914 1397 μη
955 1344 1152 1398 ἐπιβῆναι
1180 1344 1359 1392 ἐσαῦθις
1385 1347 1458 1399 τῆς
1483 1343 1569 1397 χαί-

97 1430 177 1467 ρας
208 1412 329 1467 ἡμῶν
358 1411 432 1453 καί
457 1413 567 1465 μηδὲ
593 1414 650 1469 τῷ
694 1414 867 1464 βασιλεῖ
895 1412 1210 1463 Τραπεζοῦντος
1240 1409 1469 1463 ἐπαμύνειν
1496 1411 1571 1451 καί

95 1480 404 1533 ὑπερμαχεῖν.”
463 1481 599 1519 ταῦτα
634 1475 823 1526 εἰπόντος
856 1478 933 1518 τοῦ
969 1479 1179 1530 βασιλέως
1206 1480 1450 1520 συνετίθετο
1492 1477 1571 1520 αὕ-

38 1561 84 1598 20
96 1549 189 1588 τίκα
218 1543 243 1600 ἡ
271 1543 375 1600 γυνὴ
409 1547 479 1586 καί
508 1542 693 1593 σπονδάς
726 1546 922 1586 ἐποιεῖτο.

97 1681 154 1713 sin
180 1680 465 1725 praevaricatur,
501 1679 806 1724 praevaricantem
840 1678 940 1711 illico
966 1679 1189 1712 comminuit.
1256 1684 1294 1713 tu
1325 1679 1470 1724 quidem
1493 1691 1568 1712 ma-

99 1727 231 1760 ximam
257 1733 472 1760 consecutus
499 1737 534 1758 es
562 1727 783 1765 felicitatem,
812 1725 903 1758 adeo
934 1731 972 1759 ut
997 1726 1120 1758 nullus
1150 1726 1307 1760 omnium
1328 1728 1390 1772 qui
1420 1729 1457 1761 in
1480 1727 1567 1760 orbe

99 1779 183 1807 sunt
210 1785 331 1819 regum
358 1774 423 1807 tibi
451 1775 497 1806 sit
531 1773 780 1806 conferendus.
839 1784 946 1806 causa
985 1784 1068 1806 vero
1109 1774 1145 1805 in
1181 1780 1350 1820 promptu
1387 1781 1455 1808 est:
1483 1786 1566 1807 nam

99 1821 247 1867 paruisti
278 1821 393 1862 heroi,
421 1827 457 1854 et
483 1821 648 1854 solennia
676 1831 769 1866 quae
794 1821 905 1853 semel
931 1821 1004 1853 visa
1034 1826 1118 1853 sunt
1143 1833 1217 1854 non
1242 1833 1278 1854 es
1310 1827 1569 1866 transgressus3

100 1874 138 1902 et
160 1869 198 1901 in
224 1874 407 1914 posterum
438 1868 645 1912 imperabis,
672 1869 700 1900 si
724 1868 774 1900 sic
798 1868 998 1913 perrexeris
1029 1879 1144 1911 agere.
1195 1869 1309 1912 pactis
1338 1874 1459 1902 autem
1487 1882 1567 1902 om-

99 1915 220 1955 nibus,
246 1927 338 1961 quae
366 1917 446 1961 quis
474 1915 600 1948 fecerit
627 1916 701 1948 sive
728 1926 806 1947 cum
834 1915 944 1947 heroe
971 1915 1044 1947 sive
1071 1926 1150 1947 cum
1181 1915 1262 1955 deo,
1289 1915 1405 1949 donec
1434 1918 1567 1950 moria-

101 1963 162 2004 ris,
183 1962 350 1996 standum
375 1968 439 1996 est.
507 1973 628 1995 verum
658 1973 730 1995 non
759 1962 911 1994 honeste
941 1961 1126 1994 nobiscum
1169 1963 1255 2005 agis,
1282 1964 1343 2007 qui
1371 1975 1491 1997 sumus
1521 1963 1566 1997 de

99 2015 162 2043 tua
185 2010 338 2043 natione
367 2015 404 2043 et
427 2010 518 2042 servi
542 2008 676 2042 herois.
742 2020 823 2041 nam
849 2010 957 2042 etiam
985 2009 1091 2041 Parca
1119 2015 1233 2042 tecum
1258 2016 1362 2054 pacta
1392 2016 1456 2046 est.
1507 2023 1566 2044 sa-

105 2058 152 2090 tis
179 2057 272 2097 scio,
297 2056 386 2090 haec
414 2068 478 2090 nos
503 2068 576 2090 non
603 2056 792 2101 despiciet,
819 2067 885 2089 nec
921 2067 986 2088 nos
1014 2057 1243 2090 contumeliis
1276 2063 1312 2089 et
1336 2058 1476 2091 iniuriis
1503 2058 1567 2091 abs

100 2110 137 2138 te
161 2105 306 2138 affectos
334 2103 499 2137 aberrare
525 2114 632 2148 vagos
658 2104 787 2136 sinet.'’
814 2103 902 2135 haec
918 2103 1040 2136 locuta
1064 2109 1129 2137 est.
1178 2115 1238 2136 rex
1264 2110 1383 2138 autem
1409 2106 1446 2138 in
1471 2105 1568 2139 hunc

100 2150 248 2185 modum
273 2151 472 2197 respondit.
536 2156 581 2183 “0
619 2151 770 2190 mulier,
807 2162 882 2184 non
907 2162 949 2183 eo
983 2150 1119 2184 infitias
1145 2152 1234 2196 quin
1261 2152 1354 2184 iusta
1374 2154 1447 2186 sint
1475 2164 1567 2198 quae

101 2200 386 2233 commemorasti
415 2200 554 2232 omnia:
593 2209 713 2231 verum
758 2196 855 2230 haud
896 2203 932 2231 te
969 2198 1058 2230 clam
1099 2203 1152 2231 est
1179 2204 1322 2243 pactum
1350 2206 1566 2234 conventum

101 2245 252 2295 amplius
277 2245 464 2292 quidpiam
492 2256 598 2292 quam
625 2246 764 2291 privato
792 2245 982 2289 gratificari
1007 2245 1079 2289 regi
1105 2251 1141 2278 et
1168 2251 1332 2288 tyranno.
1381 2246 1420 2280 id
1445 2253 1567 2280 autem

103 2292 220 2327 rerum
269 2294 493 2338 experientia
536 2293 783 2326 demonstrare
812 2292 1010 2325 consuevit.
1070 2304 1152 2325 nam
1178 2294 1206 2325 si
1233 2294 1312 2337 quis
1340 2294 1376 2326 in
1403 2294 1565 2328 eiusdem

102 2340 260 2377 nationis
285 2339 451 2374 hominos
476 2351 624 2385 peccare
650 2345 812 2384 apparet,
840 2340 914 2373 eius
944 2339 992 2372 rei
1008 2340 1222 2373 testimoniis
1240 2340 1327 2373 fides
1355 2342 1566 2386 accipienda

104 2392 170 2420 est.
219 2386 353 2421 deinde
378 2387 608 2421 accedentem
652 2393 797 2432 oportet
826 2387 999 2420 ultionem
1036 2388 1188 2430 exigere.
1239 2387 1308 2420 hoc
1334 2400 1352 2420 a
1383 2389 1487 2422 nobis
1512 2390 1565 2422 fa-

103 2441 198 2474 ctum
231 2439 296 2467 est.
324 2434 504 2480 siquidem
531 2434 771 2479 praediximus
811 2434 884 2467 filio
926 2440 987 2467 tuo
1013 2446 1078 2467 nos
1117 2434 1218 2467 nolle
1259 2436 1412 2479 amplius
1440 2437 1472 2468 ei
1499 2449 1566 2469 uo-

105 2487 214 2515 stram
238 2481 415 2527 praebere
442 2483 634 2525 regionem.
692 2488 730 2515 at
754 2493 827 2516 non
862 2482 1043 2526 acquievit
1066 2487 1189 2514 nostro
1226 2482 1391 2526 imperio,
1419 2494 1488 2516 nec
1510 2495 1565 2516 re-

105 2525 210 2572 gione
235 2534 359 2563 nostra
385 2527 579 2562 abstinuit:
619 2540 740 2562 verum
774 2534 895 2562 nostra
922 2528 1161 2562 interturbare
1188 2529 1360 2562 accedens
1387 2542 1462 2563 non
1492 2542 1567 2565 ces.

105 2577 208 2609 savit.
258 2581 438 2609 caeterum
471 2582 553 2610 utut
578 2576 666 2609 haec
687 2607 689 2609 ,
709 2577 801 2611 facta
827 2582 928 2615 sunt,
967 2581 1086 2608 tamen
1113 2575 1189 2609 filio
1217 2580 1288 2611 tuo.
1307 2576 1396 2610 haec
1420 2579 1567 2611 nuntia-

104 2634 200 2666 mus5
230 2633 325 2668 quae
350 2623 380 2656 si
405 2623 541 2664 fecerit,
566 2623 612 2656 ab
641 2624 718 2657 eius
747 2625 891 2668 regione
913 2623 1105 2655 exercitum
1123 2622 1369 2657 abducemus-
1404 2624 1567 2670 deope-

105 2681 186 2715 τοι»4
209 2680 255 2703 ne
281 2669 320 2702 in
349 2676 506 2704 nostram
542 2671 722 2714 regionem
760 2671 984 2703 incursiones
1012 2670 1140 2710 faeiat,
1165 2681 1232 2702 nec
1268 2672 1406 2705 auxilio
1446 2673 1569 2706 veniat

106 2717 180 2762 regi
196 2716 453 2762 Trapezuntis‚
490 2723 530 2751 ut
559 2719 664 2750 simul
691 2729 769 2750 cum
797 2719 873 2763 ipsa
897 2722 1059 2761 capessat
1083 2716 1253 2749 bellum.'’
1278 2717 1366 2753 haec
1392 2719 1453 2752 ubi
1484 2732 1568 2754 nar-

105 2764 197 2798 ravit
226 2775 308 2806 rex,
349 2765 477 2799 mulier
516 2765 764 2810 paciscebatur
795 2770 830 2798 et
857 2776 979 2810 pacem
1015 2764 1267 2809 componebat.
