1800 3172
240 200 302 244 68
564 201 780 243 LAONlCl
821 201 1331 243 CHALCOCONDYLAE

239 303 373 354 α’νδρί,
419 299 473 347 (ὃς
502 298 680 340 ἐπύθετο
718 302 892 351 βασιλέα
922 299 1109 351 ἐπιόντα,
1150 300 1340 352 ἡγεῖσθαι
1387 301 1430 340 δὲ
1461 300 1571 357 αὐτῷ
1600 299 1669 342 ἐπί

236 365 333 406 τάδε
372 367 451 406 τῶν
484 366 675 404 Σαλονῶν
704 366 902 417 ἀρχιερέα
922 395 933 416 ,
963 365 1151 416 λαβοῦσά
1178 379 1220 405 τε
1252 363 1327 416 τὴν
1354 357 1566 418 θυγατέρα
1597 365 1668 406 καί

236 432 351 483 δῶρα
385 426 463 469 ὅσα
505 429 687 481 ἠδύνατο
726 426 886 481 ὑπήντα
914 431 970 484 τῷ
1003 432 1181 480 βασιλεῖ’.
1238 427 1258 468 ὅ
1288 430 1334 469 δὲ
1361 427 1432 481 τήν
1459 445 1502 469 τε
1531 433 1664 481 θυγα-

232 498 330 546 τέρα
361 486 543 545 ἐδέξατο,
571 492 642 533 καί
668 492 800 546 αὐτὴν
844 490 931 545 ἅμα
962 495 1012 549 τῇ
1041 496 1218 546 θυγατρὶ
1246 495 1288 541 ἐς
1317 493 1367 534 τά
1397 490 1551 534 ἑαυτοῦ
1579 488 1663 546 ἤθη

233 561 474 609 α’πέπεμπε,
517 556 589 610 τὴν
614 559 659 598 δὲ
700 556 845 609 χώραν
887 557 1144 610 παραλαβών
1179 559 1307 614 ταύτῃ
1337 559 1554 610 ἐπέστησεν
1583 552 1697 610 (ἕρ-5

228 639 370 675 χοντα.
428 625 587 675 λέγεται
617 623 662 662 δὲ
692 625 789 674 περί
807 620 955 675 ταύτης
983 625 1053 674 τῆς
1082 622 1272 674 γυναικὸς
1301 622 1356 670 ὥς
1384 621 1528 675 ἱερέως
1554 620 1664 670 τινός

229 685 422 741 Στρᾰτεω
449 685 775 737 ἐπικαλουμένου
795 688 1019 739 ἐρασθεῖσα
1049 687 1120 727 καί
1147 688 1189 734 ἐς
1217 684 1262 727 τό
1291 685 1433 740 πρόσω
1454 686 1663 735 α’ναιδειάς

185 751 414 793 Βέλαύνων
453 751 526 804 τήν
554 766 597 791 τε
636 746 771 803 ἆρχὴν
807 753 1008 805 ἐπέτρεψε
1051 754 1109 807 τῷ
1137 750 1253 806 ἱερεῖ,
1283 751 1353 792 καί
1381 751 1535 804 ἅναιρῆ
1565 755 1661 791 πολ-

229 814 322 863 λοὺς
351 816 446 862 τούς
492 814 568 868 τὴν
599 817 776 869 Δελφῶν
808 815 926 855 πόλιν
967 814 1225 863 ενοικοῦντας
1259 815 1532 870 ἐργασαμένη.
1589 814 1658 855 διὰ

227 883 357 921 ταῦτα
403 879 482 920 ὑπὸ
524 881 753 932 ἀρχιερέως
782 878 823 927 ές
850 881 1025 931 βασιλέα
1067 879 1355 934 διεβλήθησαν,
1383 895 1438 927 ως
1468 879 1534 920 αἐι
1559 878 1659 930 μίαν
1673 886 1715 918 10

228 962 285 992 εις
313 951 488 997 γυναῖκα
519 961 663 997 χωρας
693 944 895 996 τοσαύτης
923 944 1163 998 ηγουμένην,
1194 943 1273 984 ὑπό
1294 944 1438 998 ἱερέως
1464 959 1660 996 μοιχευο-

223 1014 376 1064 μένην,
417 1010 617 1062 ἁνήκεστα
663 1025 766 1049 uana
808 1015 940 1049 ποιεῖν
980 1008 1078 1056 τούς
1117 1010 1297 1062 πολίτας,
1326 1026 1392 1049 και
1426 1007 1494 1049 διὰ
1525 1011 1658 1049 ταῦτα

226 1078 376 1130 ἐπᾶραι
425 1075 600 1126 βασιλέα
644 1073 808 1114 ἐπιόντα
840 1073 1146 1125 στρατεύεσθαι
1189 1076 1251 1114 ἐπ’
1282 1072 1446 1122 αύτούς.
1501 1075 1660 1125 λέγεται

223 1141 363 1190 μέντοι
395 1139 491 1192 περὶ
517 1140 589 1180 τοῦ
617 1137 758 1192 ἱερέως
788 1139 938 1178 τούτου
971 1141 1048 1178 τοῦ
1078 1136 1154 1191 την
1182 1143 1355 1191 γυναῖκα
1376 1136 1530 1191 ταύτην
1557 1152 1661 1189 συγ-

222 1206 441 1256 γενομένου
486 1205 554 1243 καί
596 1199 702 1243 ἄλλα
729 1200 803 1242 οὐκ
845 1203 962 1255 ὀλίγα
1003 1201 1093 1243 ἕστε
1125 1207 1322 1254 γυναῖκας
1357 1204 1658 1256 πλημμελῆσαι,
1675 1209 1716 1240 15

223 1269 576 1320 κατεργαζόμενον
631 1269 830 1322 δαιμονίῳ
879 1266 1017 1322 τρόπῳ
1063 1264 1168 1306 ὥστε
1213 1265 1369 1314 ταύτας
1411 1268 1659 1320 ἐφέλκεσθαι

117 1342 150 1374 P.
166 1340 212 1375 36
225 1331 479 1384 ἐπαγόμενον
511 1332 582 1372 ἐπὶ
607 1334 843 1379 συνουσίας.
910 1333 1094 1383 Δελουῆς
1123 1333 1168 1371 δὲ
1199 1328 1220 1370 ὅ
1250 1333 1320 1383 τῆς
1340 1328 1534 1383 γυναικὸς
1558 1329 1658 1383 ἀνὴρ

223 1398 407 1450 πρόσθεν
437 1395 694 1450 ὲτελευτὴκει
722 1394 839 1451 νόσῳ.
898 1391 948 1448 ἦν
978 1397 1023 1435 δὲ
1056 1391 1177 1442 οὗτος
1207 1396 1321 1447 γένος
1345 1397 1428 1436 τῶν
1463 1398 1660 1447 Ταρακω-

222 1464 374 1515 νησίων
412 1463 643 1512 βασιλέων,
669 1461 742 1501 καί
782 1457 903 1500 ὁπότε
935 1454 1053 1507 οὗτος
1090 1456 1171 1500 α’πὸ
1207 1459 1379 1507 Ἰταλίας
1407 1457 1661 1513 ἀφικόμενος

222 1527 292 1567 gni
321 1524 637 1579 Πελοπόννησον
678 1528 854 1576 κατέσχε
898 1523 970 1577 τὴν
1004 1523 1187 1577 Ἀττικὴν
1228 1522 1316 1574 ἅμα
1352 1523 1425 1564 καί
1450 1524 1713 1565 Βοιωτιάν20

224 1589 328 1644 πρὸς
356 1592 406 1646 τῇ
433 1591 751 1646 Πελοποννήσῳ,
783 1592 854 1629 καί
875 1589 924 1642 δὴ
953 1590 1023 1630 καί
1054 1590 1252 1630 Φώκαιαν
1278 1592 1349 1629 καί
1377 1587 1557 1642 Πάτρας
1583 1585 1660 1635 τοὶς

314 1687 346 1720 8.
372 1687 600 1722 ἑλαύνουσαὶ)
768 1685 904 1732 ἀνιαρὰ
938 1687 964 1719 Η
1143 1687 1193 1720 10.
1222 1686 1281 1722 ἀεὶ
1303 1689 1395 1732 μίαν
1419 1685 1484 1733 εἰς]
1515 1685 1657 1725 αἐικὲςὶ)

318 1733 372 1766 13.
398 1733 543 1780 ἀπᾶραι
567 1734 590 1766 Ρ
714 1733 766 1767 18.
795 1732 1074 1775 ἐπειελευτὴκειῗ

224 1833 374 1879 phorum
404 1832 503 1865 ducis
527 1844 627 1872 uxor,
652 1833 785 1866 habens
811 1834 919 1866 filiam
947 1834 1013 1865 iam
1040 1833 1200 1865 nubilem
1225 1833 1372 1877 viroque
1397 1832 1655 1877 desponsatam,

225 1886 265 1913 nt
291 1880 472 1913 intellexit
507 1879 689 1911 adversum
726 1891 801 1912 sese
836 1891 913 1911 cum
949 1880 1104 1912 exercitu
1138 1890 1281 1932 pergere
1309 1890 1448 1921 regem,
1475 1889 1552 1911 cum
1582 1880 1655 1912 filia

224 1926 504 1970 muneribusque
531 1937 636 1970 quam
664 1926 782 1969 potuit
819 1925 973 1969 acceptis
1007 1925 1166 1957 maximis
1199 1927 1269 1967 regi
1306 1925 1443 1956 obvium
1468 1927 1655 1973 processit;

225 1973 288 2017 qui
318 1972 425 2004 filiam
458 1971 586 2005 lubens
619 1973 829 2024 assumpsit,
854 1982 1002 2015 eamque
1044 1972 1146 2003 simul
1172 1982 1248 2003 cuin
1276 1976 1385 2003 matre
1409 1971 1478 2003 suis
1498 1968 1656 2003 moribus

226 2018 352 2051 ritibus
385 2029 426 2050 ue
452 2017 569 2050 visere
595 2018 770 2062 permisit:
813 2018 945 2060 regioni
971 2022 1100 2056 autem,
1128 2028 1219 2061 qnae
1246 2017 1283 2049 in
1309 2016 1484 2049 dicionem
1510 2028 1657 2050 conces-

226 2070 330 2105 serat,
355 2074 479 2095 (ucem
512 2064 695 2108 praefecit.
747 2065 836 2095 sama
875 2069 928 2095 est
954 2064 1055 2095 istam
1090 2063 1271 2094 mulierem
1297 2064 1464 2094 amavisse
1492 2063 1655 2095 sacerdo-

226 2116 296 2144 tem
321 2109 499 2155 quendam
526 2110 670 2143 nomine
696 2110 868 2150 Stratem3
895 2114 930 2141 et
955 2109 998 2141 ad
1024 2109 1189 2142 maiorem
1214 2109 1469 2152 impudentiam
1494 2119 1656 2152 progres-

226 2168 297 2190 sam
327 2156 510 2200 imperium
553 2155 724 2188 sacerdoti
749 2155 974 2195 commisisse,
1003 2156 1244 2199 plurimosque
1277 2155 1496 2198 Delphorum
1522 2155 1656 2187 incolas

227 2203 465 2235 obtruncasse.
516 2202 599 2234 hinc
625 2201 744 2234 delata
771 2207 823 2233 est
851 2202 1016 2245 episcopo
1043 2200 1261 2244 Delphorum
1283 2199 1390 2254 apud
1403 2211 1529 2243 regem,
1556 2202 1657 2244 quasi

226 2250 304 2293 ipsa
332 2249 407 2281 sola
434 2254 530 2291 regat
562 2253 694 2280 tantam
721 2248 919 2290 regionem,
946 2246 1250 2289 intolerandisque
1286 2245 1423 2278 iniuriis
1450 2245 1578 2279 afliciat
1605 2247 1658 2279 ci-

226 2306 298 2335 ves,
325 2294 467 2327 interim
498 2294 674 2326 adulterio
707 2304 727 2325 a
753 2293 933 2326 sacerdote
963 2293 1111 2336 polluta.
1160 2291 1213 2324 his
1239 2293 1410 2325 excitatns
1438 2303 1496 2324 rex
1522 2292 1656 2325 bellum

227 2342 272 2374 iis
299 2341 435 2373 intulit.
496 2341 656 2373 feruntur
687 2345 722 2371 et
759 2340 830 2372 alia
854 2338 1026 2383 quaedam
1065 2338 1108 2371 de
1136 2338 1203 2370 isto
1227 2338 1435 2378 sacerdote,
1461 2339 1522 2382 qui
1546 2339 1658 2382 stupri

228 2386 522 2419 consuetudinem
545 2398 621 2419 cum
638 2387 699 2418 illa
717 2386 861 2417 muliere
879 2384 1016 2422 habuit,
1038 2383 1206 2417 videlicet
1225 2383 1321 2428 quod
1351 2385 1457 2416 etiam
1473 2395 1551 2416 cum
1579 2385 1658 2416 aliis

229 2433 422 2478 deliquerit
438 2444 510 2465 non
539 2433 658 2477 paucis
688 2432 908 2471 mulieribus,
933 2431 1016 2463 dum
1038 2441 1094 2462 eas
1113 2429 1157 2462 ad
1177 2430 1398 2463 concubitum
1424 2430 1659 2463 daemoniacis

229 2478 442 2523 quibusdam
470 2478 769 2512 incantationibus
795 2477 991 2522 pelliceret.
1043 2477 1170 2508 Delves
1195 2482 1310 2508 autem
1330 2477 1486 2508 mulien-is
1514 2478 1658 2510 maritus

229 2531 334 2557 antea
361 2525 484 2557 morbo
510 2524 700 2569 implicitus
729 2526 956 2568 expiraverat.
1019 2521 1074 2554 hic
1101 2527 1199 2554 ortus
1224 2527 1299 2554 erat
1324 2522 1367 2554 de
1396 2533 1522 2565 genere
1546 2523 1656 2555 Tara-

230 2572 434 2604 cunensium
461 2582 590 2615 regum.
640 2571 700 2615 qui
726 2581 802 2602 cum
826 2570 979 2602 venisset
1016 2579 1057 2600 ex
1084 2568 1185 2600 ltalia
1211 2569 1247 2600 in
1274 2569 1567 2612 Peloponnesum,
1592 2568 1657 2600 ob-

229 2617 340 2650 tinuit
364 2617 513 2650 Atticam
549 2623 585 2651 et
618 2616 798 2649 Boeotiam
833 2615 936 2648 simul
974 2626 1050 2646 cum
1089 2615 1360 2657 Peloponneso:
1393 2620 1514 2646 nactus
1543 2620 1595 2646 est
1622 2619 1658 2647 et

231 2661 418 2696 Phocidem
445 2663 632 2708 Patraeque
675 2662 793 2695 urbem
826 2667 921 2693 extra
949 2660 1202 2705 'lhermopylas
1227 2662 1338 2692 sitam.
1389 2671 1484 2702 reges
1513 2661 1568 2693 isti
1599 2661 1656 2692 in-

231 2710 376 2742 teriecto
405 2709 546 2743 tandem
572 2715 728 2754 tempore
759 2719 829 2741 non
855 2719 963 2753 parvo
990 2708 1224 2751 principatum
1250 2708 1449 2740 amiserunt.
1514 2705 1656 2751 quidam
