1858 3210
506 188 578 227 DE
627 187 803 228 nimus
829 184 1086 228 TURclcls
1126 187 1174 227 L.
1199 187 1252 227 x.
1503 176 1596 226 547

129 287 238 332 αλλοὶ
267 289 368 343 περὶ
391 289 470 340 μὲν
496 289 569 341 τῆς
597 288 825 340 πρεσβείας
853 289 1020 339 πρῶτον
1058 284 1242 340 ἔρχομαι
1273 286 1383 339 ἐρῶν
1415 283 1471 336 ὥς
1498 281 1601 341 οἶφι-

125 356 315 407 κομένων
344 356 430 396 τῶν
444 355 676 407 ’πρέσβεων
703 352 836 407 ἡμῶν,
871 353 1101 405 ἐλλογίμων
1122 349 1256 394 ὄντων
1287 347 1379 405 ἅμα
1407 353 1480 393 καί
1506 355 1601 402 ξυν-

123 422 252 474 aar,
282 415 380 462 οὔτε
414 417 676 473 ἐπιστροφὴν
702 418 931 471 ἐποιήσατο
960 420 1045 459 τῶν
1077 420 1309 472 πρέσβεων,
1337 417 1601 473 ἐξαπατήσας

121 501 166 528 τε
193 488 250 543 τῷ
277 483 384 543 λόγῳ
427 483 480 526 τὰ
511 485 681 526 ἐναντία
724 485 925 539 φαίνεται
954 481 1201 539 πεποιηκώς.
1262 481 1371 526 ὥστε
1399 484 1476 525 οὐκ
1502 479 1634 526 οἶδαΒ

89 548 148 594 58
179 568 221 595 τι
251 548 307 594 ἂν
334 549 491 606 ἱέχοιεν
540 550 656 608 αύτῷ
698 552 832 604 λέγειν
870 549 909 592 οἱ
954 552 1152 604 πρέσβεις
1190 551 1511 605 ἐπικαιρότερον
1540 544 1601 591 αἷν

115 619 310 674 πρόσθεν
335 617 587 674 ἀφικόμενοι
616 617 911 671 ἐχρημάτιζον,
942 615 1055 670 εἰμὴ
1089 614 1156 657 ὅτι
1187 613 1492 666 ἀδυνατοῦντες
1520 617 1602 657 πό-

124 689 251 738 λεμον
281 685 498 739 ἐπιφέρειν
526 685 730 737 πρέσβεσι
749 680 1009 725 διαλύεσθαι
1036 680 1272 735 βούλεσθαι
1305 680 1417 736 ἡμᾶς
1443 682 1497 725 τὰ
1527 684 1603 736 ἐγ-

121 750 330 806 κλήματα,
359 751 403 798 ἐς
439 754 643 791 τοσοῦτον
684 748 798 805 αύτῷ
844 750 1167 803 προσφέρεσθαι
1206 747 1308 801 περὶ
1333 751 1416 790 τῶν
1445 747 1602 802 ἢμετέ-

124 834 223 871 ρων.
282 819 418 860 ταῦτα
448 817 525 868 δέ,
565 812 708 868 οἶμαι,
749 818 887 863 καλῶς
930 811 1045 868 εἶχεν
1074 810 1190 873 αὐτῷ
1217 817 1427 869 λέγεσθαι,
1462 812 1513 870 ἢν
1540 816 1598 870 μὴ

67 882 171 927 1οτὁ
189 879 347 937 ’Ἄργος
387 881 655 936 παραλαβών
694 881 875 933 πόλεμον
916 880 1018 936 ἡμῖν
1057 883 1302 936 περιφανῶς
1332 881 1598 935 ἀπαγγέλλει.

121 952 321 1004 ἐπειρᾶτο
348 949 428 1001 μὲν
456 950 607 1002 μέχρις
639 942 689 989 οὗ
718 949 855 989 ταῦτα
884 942 936 988 ἂν
975 949 1190 1003 φέρωμεν7
1221 946 1292 988 καί
1318 948 1359 989 εἰ
1387 949 1468 1000 μὲν
1507 943 1600 989 ἆνε-

118 1014 305 1070 χόμεθα,
336 1009 417 1069 ἤδη
444 1019 601 1068 χωρεῖν
628 1009 759 1055 αὖτὸν
780 1013 852 1054 καί
878 1013 951 1054 ε’πί
969 1011 1020 1054 τοὶ
1044 1011 1169 1054 λοιποὶ
1201 1013 1350 1065 ἀδεῶς,
1382 1015 1422 1054 εἰ
1450 1013 1497 1053 δὲ
1523 1014 1597 1067 μή,

121 1081 363 1136 ὑποχωρεῖν
403 1075 486 1135 ἤδη
531 1083 574 1129 ές
603 1077 704 1122 ὅσον
731 1080 845 1136 αὐτῷ
879 1079 957 1135 ὑφ’
995 1076 1114 1133 ἡμῶν
1143 1085 1421 1133 συγχωροΐτο,
1449 1078 1522 1120 καί
1549 1082 1595 1121 ἐν

119 1147 256 1205 τούτῳ
282 1146 358 1201 τὴν
384 1146 624 1200 α’πόπειραν
650 1147 948 1200 ποιησόμενος,
979 1146 1104 1187 οὐδὲν
1132 1148 1275 1198 μέντοι
1302 1142 1422 1200 ἧττον
1450 1145 1634 1201 χωρή-(1

64 1223 108 1258 15
120 1230 207 1258 σων
236 1215 310 1256 ἐπὶ
335 1211 408 1256 τὸν
435 1213 631 1265 πόλεμον.
707 1214 747 1254 εἰ
775 1213 822 1253 δὲ
850 1211 906 1266 μή
924 1245 936 1264 ,
979 1213 1129 1266 λεγέτω
1158 1213 1237 1264 μέν
1263 1228 1350 1265 μοι,
1379 1212 1452 1254 καί
1480 1215 1595 1267 πρῶ-

118 1294 194 1322 τον
236 1280 310 1322 ε’πί
337 1277 667 1334 Πελοπόννησον
714 1277 973 1333 ἀφικόμενος
1015 1276 1092 1332 τήν
1132 1293 1178 1320 τε
1209 1274 1398 1331 Εὔβοιαν
1441 1280 1595 1334 ἐπέστη

117 1346 330 1400 ὀψόμενος
362 1344 465 1401 οἴω,
491 1347 563 1387 καί
591 1346 663 1387 ἐπὶ
690 1343 767 1399 τήν
794 1345 986 1397 Εὐρίπου
1018 1342 1154 1390 πόλιν,
1213 1345 1285 1386 καί
1313 1344 1435 1395 ἐξιών
1467 1339 1595 1394 αὖθις

83 1434 88 1438 ·
118 1411 203 1454 α’πὸ
243 1412 603 1467 Πελοποννήσου,
633 1413 706 1454 καί
749 1411 796 1453 τὸ
841 1412 1037 1466 δεύτερον
1068 1407 1149 1468 ἤδη
1180 1412 1370 1454 ἐλαύνων
1399 1410 1480 1453 συν
1508 1417 1595 1460 τοῖς

118 1482 441 1534 πειρασομένοις
469 1481 549 1520 τοῦ
575 1477 736 1533 πόρου,
764 1479 939 1534 α’φίκετο
968 1479 1011 1526 ἐς
1042 1474 1146 1530 ὄψιν
1173 1480 1247 1532 τῆς
1274 1478 1450 1534 πόλεως,
1479 1474 1594 1527 ὅπως

58 1554 105 1589 20
119 1539 171 1587 ἂν
199 1543 278 1599 τὴν
323 1543 564 1600 προσβολήν
609 1542 860 1597 ποιήσαιτο,
896 1542 1025 1585 ἐπιών
1069 1546 1142 1586 έπί
1170 1544 1247 1599 τὴν
1278 1544 1412 1589 πόλιν.
1472 1542 1546 1586 καί
1568 1538 1591 1584 ὁ

115 1612 193 1663 μὲν
215 1612 329 1667 ἵππῳ
362 1610 517 1664 διαβὰς
562 1609 635 1652 τὸν
675 1605 866 1664 Εὔριπον
907 1613 1071 1652 συνίδοι
1111 1608 1223 1661 ὅπως
1251 1609 1416 1664 βάσιμα
1446 1627 1491 1652 τε
1522 1610 1586 1665 εἴη

216 1716 250 1751 5.
279 1718 561 1764 ἐπικηριότατον
590 1718 616 1752 Ρ
725 1718 782 1751 21.
808 1717 1011 1754 avveideu?

117 1824 155 1853 et
178 1820 217 1853 iu
243 1830 308 1853 nos
332 1819 462 1854 damna
489 1822 644 1854 maxima
669 1821 936 1855 redundabunt.
987 1828 1211 1868 quapropter
1235 1821 1372 1855 bellum
1397 1821 1587 1866 prolatan-

117 1866 202 1900 dum
233 1872 306 1910 est3
331 1871 369 1901 et
391 1868 524 1912 legatio
551 1869 741 1909 mittenda,
767 1881 860 1914 quae
898 1871 964 1902 ista
992 1869 1133 1902 efficiet.
1184 1869 1230 1902 de
1256 1870 1438 1913 legatione
1468 1869 1585 1913 primo

116 1913 223 1947 verba
249 1914 388 1947 faciam.
439 1927 519 1948 nain
547 1927 626 1948 cum
650 1917 757 1960 legati
783 1917 915 1956 nostri,
944 1917 1011 1949 viri
1036 1916 1234 1961 prudentes
1261 1922 1299 1949 et
1325 1915 1586 1959 intelligentes,

117 1960 164 1994 ad
194 1971 275 1994 eum
304 1962 570 2002 convenissent,
597 1973 721 1996 eorum
746 1964 884 1996 nullam
901 1963 1076 1997 rationem
1102 1963 1252 1996 habuit:
1276 1974 1400 1996 verum
1429 1961 1583 1996 fraudu-

120 2008 230 2041 lentis
257 2012 294 2041 et
318 2007 454 2042 dolosis
479 2010 703 2042 sermonibus
732 2021 816 2043 usus
843 2011 1038 2050 contraria,
1066 2021 1172 2055 quam
1198 2021 1264 2043 nos
1291 2010 1584 2051 existimavimus,

115 2054 241 2088 secisse
266 2057 446 2100 apparuit.
487 2068 559 2090 non
583 2057 708 2103 itaque
733 2058 820 2090 satis
849 2057 947 2102 apud
973 2068 1029 2090 me
1059 2062 1213 2097 constat,
1241 2057 1414 2102 quidnam
1443 2057 1584 2102 princi·-

113 2102 337 2146 palissimum
369 2113 492 2136 eorum
526 2115 636 2148 super
671 2104 804 2149 quibus
833 2104 879 2137 ad
904 2115 984 2137 eum
1017 2110 1203 2145 venerant,
1228 2116 1346 2137 coram
1376 2115 1419 2136 eo
1450 2113 1582 2147 expro-

112 2159 210 2182 mere
238 2148 407 2190 debeant,
433 2150 463 2183 si
489 2150 609 2184 denuo
646 2151 865 2195 legationem
890 2154 1138 2196 susceperint,
1165 2152 1235 2184 nisi
1261 2150 1365 2191 illud,
1390 2162 1470 2190 nos,
1497 2161 1580 2183 cum

112 2206 188 2229 non
217 2202 414 2242 suppetant
445 2198 537 2230 vires
578 2197 623 2231 ad
657 2198 815 2238 bellum,
856 2199 950 2232 velle
987 2198 1230 2243 legationibus
1273 2210 1346 2230 rem
1382 2208 1503 2241 gerere
1545 2202 1583 2231 et.

113 2241 159 2275 ad
200 2241 297 2276 hune
329 2244 476 2277 modum
516 2245 663 2277 iniurias
703 2245 915 2290 propulsare
963 2251 999 2278 et
1035 2246 1186 2278 crimina
1228 2245 1446 2278 dissolvere:
1487 2243 1579 2277 adeo

112 2300 178 2323 nos
207 2300 286 2323 esso
301 2297 500 2369 zpromptos
538 2297 575 2325 et
609 2298 752 2337 paratos
790 2303 854 2337 pro
897 2293 1009 2336 ipsius
1046 2293 1196 2325 arbitrio
1233 2303 1313 2325 cum
1353 2293 1430 2336 ipso
1460 2301 1578 2334 agere.

112 2335 202 2370 haec
236 2337 299 2382 qui
327 2349 381 2371 em
420 2338 571 2372 honesta
614 2340 715 2372 natio
755 2345 833 2379 est,
860 2339 931 2372 dici
973 2345 1119 2385 posset,
1154 2340 1184 2372 si
1212 2351 1287 2372 non
1314 2343 1488 2381 occupato
1515 2339 1580 2371 Ar-

113 2393 158 2427 go
191 2384 264 2416 iam
301 2394 345 2416 ex
379 2391 503 2430 aperto
547 2386 652 2420 nobis
688 2387 824 2420 bellum
859 2387 1067 2420 intentaret.
1126 2387 1264 2419 animos
1306 2386 1470 2430 profecto
1508 2396 1578 2417 no-

110 2435 202 2463 stros
227 2431 267 2463 in
292 2429 388 2464 hunc
409 2431 553 2465 modum
582 2439 774 2478 pertentat,
799 2434 970 2479 quamdiu
988 2433 1134 2467 tandem
1154 2435 1222 2465 ista
1244 2433 1384 2478 perpeti
1412 2432 1576 2465 velimus.

112 2478 143 2510 si
162 2477 338 2521 patimur,
368 2479 472 2511 etiam
514 2479 557 2512 ad
596 2481 734 2525 reliqua
763 2480 986 2514 confidenter
1023 2486 1059 2514 et
1093 2479 1264 2512 audacter
1291 2477 1473 2524 procedet.
1524 2479 1580 2512 sin

114 2523 350 2558 restiterimus
377 2525 543 2567 fortiter,
578 2527 721 2561 recedet
760 2539 831 2574 qno
864 2539 929 2572 per
959 2538 1024 2560 nos
1062 2527 1095 2559 ei
1122 2528 1285 2568 licuerit3
1328 2531 1364 2559 et
1396 2526 1433 2558 in
1460 2527 1578 2565 trivio,

114 2570 213 2615 quod
237 2571 352 2612 aiunt,
375 2574 595 2606 constitutus
631 2574 768 2607 bellum
808 2574 958 2620 posthac
991 2574 1146 2607 omittet.
1196 2574 1222 2606 si
1251 2584 1352 2606 secus
1380 2572 1579 2614 fecerimus,

112 2628 240 2650 vereor
277 2629 390 2651 seram
428 2620 624 2664 aliquando
658 2622 920 2666 poenitentiam
961 2627 1157 2654 venturam.
1221 2621 1342 2652 ferunt
1375 2619 1579 2660 barbarum,

113 2663 176 2696 ubi
205 2665 358 2709 primum
390 2665 428 2699 in
454 2667 739 2712 Peloponnesum
762 2669 999 2713 pervenisset,
1031 2667 1139 2700 etlam
1165 2667 1347 2700 Euboeam
1378 2667 1581 2707 accessisse,

113 2711 272 2744 visurum
293 2711 416 2757 Euripi
444 2713 581 2746 urbem.
631 2725 792 2758 egressus
817 2716 945 2748 iterum
971 2715 1220 2759 Peloponneso
1244 2714 1427 2758 profectus
1453 2718 1521 2755 est,
1540 2719 1581 2747 ut

112 2763 271 2792 tentaret
299 2759 515 2801 transitum,
541 2760 715 2807 venitque
742 2762 779 2795 in
804 2767 1036 2806 conspectum
1063 2761 1160 2794 urbis
1201 2771 1245 2794 eo
1274 2761 1408 2802 anImo,
1434 2766 1475 2793 ut
1502 2771 1578 2793 eam
