1774 3204
201 186 294 230 288
529 187 747 228 LAONlCi
789 188 1292 232 CHALCOCONDYLAE

197 289 342 339 χιερέα
375 285 589 336 Ετῗγένειον
621 284 896 327 ἐπυνθάνετο·
951 289 1157 338 ἐκομίζετο
1187 289 1232 328 δὲ
1260 287 1330 329 διὰ
1351 291 1424 330 τοῦ
1451 289 1627 343 Ἠριδα-

199 353 283 391 νοῦ.
355 351 485 401 διέχει
526 351 564 389 δ’
604 346 712 402 αὕτη
750 350 920 403 ἡπόλις
959 352 1039 392 οἷπὸ
1081 355 1163 392 τῶν
1197 349 1406 394 Οὖενετῶν
1433 355 1627 402 σταδίους

199 416 297 467 περί
334 414 430 460 τούς
458 413 739 466 τριακοσίους,
781 410 986 467 ἄρχοντας
1016 418 1061 456 δὲ
1089 415 1177 468 ἔχει
1209 414 1364 470 ἄνδρας
1392 419 1520 465 οἰκίας
1547 421 1627 459 τῶν

194 479 412 533 Ἐστησίων
453 479 744 529 καλουμένους.
815 478 899 520 ἔστι
932 482 972 519 δ’
1012 480 1034 533 ἦ
1065 482 1181 528 πόλις
1210 476 1315 534 αὕτη
1345 482 1556 533 εὕὸαίμων
1583 497 1626 523 τε

198 545 270 583 καί
298 543 648 596 πολυάνθρωπος,
690 545 762 584 καί
796 543 891 596 περὶ
932 544 1064 598 αὐτὴν
1109 545 1195 598 ῥέει
1232 545 1417 598 ποταμός
1447 542 1658 596 τοῦνομαὸ

198 608 359 654 Πάδος.
424 607 592 647 οἰκεῖται
631 608 676 648 δὲ
709 608 732 661 ἦ
762 608 879 656 πόλις
921 608 961 656 ἐς
999 608 1071 662 την
1096 609 1312 659 Ῥωμαίων
1338 617 1490 663 μοῖραν
1518 609 1626 650 α’πο-

196 674 431 725 τεταγμένη.
508 673 689 724 ἐγένοντο
731 674 767 712 δ’
808 667 945 725 οὗτοι,
974 670 1046 721 οὓς
1089 673 1294 726 ἑσήμανον
1322 669 1524 727 ἄρχοντας
1554 675 1626 728 τῆς

198 734 367 787 πόλεως,
393 731 485 777 ὦδε.

302 800 428 854 Ἀνῆρ
471 802 516 842 δὲ
554 795 675 848 οὗτος
713 800 735 841 ὅ
772 800 866 842 τότε
905 805 979 856 τῆς
1009 801 1163 851 πόλεως
1207 798 1350 856 ἅρχων
1379 802 1557 856 ἐπιεικής
1582 819 1626 844 τε

153 867 270 907 Dum*
295 866 371 905 οὔκ
391 864 601 916 α’σύνετος,
632 866 826 921 ξυμφορὰ
856 868 901 907 δὲ
922 866 1187 920 συνεβεβήκει
1216 868 1332 922 αὐτῷ
1345 865 1496 908 τοιάδε.
1523 867 1624 921 γυνη
1641 874 1681 907 10

196 924 246 982 ἦν
274 930 413 986 αὐτῷ,
458 929 645 984 θυγάτηρ
676 933 754 972 τοῦ
783 932 1094 986 Μονφερροίτου
1123 930 1344 984 ἡγεμόνος,
1372 930 1417 972 τό
1449 947 1492 972 τε
1519 927 1626 979 εἶδος

196 996 345 1048 α’ρίστη
373 996 442 1035 καί
466 994 533 1035 τὸν
558 994 707 1047 τρόπον
734 993 780 1036 τὸ
802 994 1037 1049 ἔμπροσθεν
1065 996 1138 1035 οὐκ
1168 994 1324 1049 α’γενὴς.
1381 991 1488 1050 αὕτη
1517 994 1626 1049 η’ρά-

194 1061 278 1112 σθη
307 1059 431 1099 νόθου
461 1057 572 1106 υἱέος
601 1060 674 1099 τοῦ
703 1059 854 1112 ἀνδρὸς
882 1060 1011 1112 αὐτῆς
1030 1075 1040 1087 ·
1098 1058 1142 1107 ὃς
1171 1062 1265 1101 ἐπεί
1286 1076 1328 1101 τε
1355 1062 1504 1116 ἐφοίτα
1528 1064 1626 1112 παρ’

194 1123 324 1176 αὐτὴν
362 1120 532 1174 δ’ψιμος,
574 1118 600 1178 ᾗ
644 1124 850 1175 νομίζεται
894 1122 1192 1177 ἁπλοϊκώτερον
1218 1126 1374 1176 μᾶλλον
1408 1131 1492 1173 τοῖς
1521 1124 1621 1166 κατὰ

194 1187 268 1241 τήν
295 1188 470 1230 Ἰταλίαν
500 1189 674 1238 οἰκοῦσι,
704 1193 971 1240 προυκαλεῖτο
993 1190 1035 1228 ἐν
1065 1191 1214 1245 παιδιᾷ
1240 1190 1431 1243 γενομένη
1462 1189 1540 1230 σὺν
1568 1191 1624 1246 τῷ
1640 1198 1680 1230 15

192 1254 332 1309 νεανίᾳ
377 1251 445 1293 ἐπὶ
487 1254 556 1293 τὸν
581 1251 726 1306 ἔρωτα.
784 1255 856 1293 καί
881 1252 937 1301 ὥς
971 1248 1124 1307 ᾔσθετο
1154 1253 1205 1306 δή
1235 1255 1443 1308 ἐρωμένην
1471 1255 1625 1307 αὐτοῦ,

191 1317 305 1372 ἐσῄει
335 1332 379 1357 τε
407 1316 531 1358 αὐτὸν
561 1316 580 1357 ὁ
613 1320 682 1371 τῆς
709 1318 902 1370 γυναικός
929 1316 1054 1371 ἔρως,
1085 1317 1156 1359 καί
1183 1319 1252 1359 ἑπί
1273 1316 1426 1372 χρόνον
1452 1321 1626 1370 ἐπεμαί-

194 1396 284 1422 νετο
312 1383 363 1436 τῇ
389 1384 556 1434 γυναικί
578 1385 766 1437 μητρυιᾷ
793 1378 892 1438 οὔσῃ
921 1381 1084 1423 ἑαυτοῦ.
1141 1385 1221 1423 τῶν
1244 1385 1290 1424 δὲ
1316 1382 1626 1436 θεραπαινίδων

194 1461 254 1493 τις
274 1446 330 1494 ὥς
347 1443 499 1501 ᾔσθετο
525 1445 683 1488 τούτων
706 1445 837 1494 οὕτως
862 1446 1046 1500 ἀλλήλων
1074 1446 1257 1499 ἐρώντων
1283 1447 1356 1489 καί
1383 1451 1620 1500 συγγενομέ.

193 1526 287 1561 νων,
318 1510 586 1564 καταγορεύει
617 1515 674 1569 τῷ
702 1509 851 1565 ἑαυτῆς
893 1514 1067 1568 ἐραστῇ,
1096 1507 1130 1569 ᾦ
1161 1511 1210 1566 δη
1243 1511 1403 1554 πάντων
1428 1514 1622 1566 ἠρέσκετο
1635 1524 1680 1557 20

57 1574 212 1622 ρ,153ὅ
246 1576 411 1628 ἡγεμών
442 1579 513 1629 τῆς
553 1577 711 1624 πόλεως
749 1579 821 1617 καί
847 1579 967 1628 ἐτίμα
997 1578 1199 1630 μεγάλως.
1258 1579 1352 1619 ἐπεί
1374 1593 1417 1619 τε
1445 1579 1622 1629 ἐξέμαθε

189 1640 263 1682 καί
287 1641 411 1688 αὐτὸς
461 1642 729 1695 αἰσθόμενος,
757 1640 990 1695 ἐξαγορεύει
1033 1645 1089 1697 τῷ
1121 1642 1295 1698 δεσπότῃ
1324 1642 1464 1695 αὐτοῦ,
1493 1642 1621 1694 λέγων

283 1761 314 1793 2.
344 1759 363 1802 ἧ
389 1772 446 1793 om
471 1762 494 1794 P

191 1861 347 1893 venisset
383 1860 426 1893 ad
450 1861 626 1902 Venetos,
659 1863 742 1894 inde
783 1864 922 1896 solvens
961 1863 1140 1896 ferebatur
1162 1863 1348 1896 Ferrariam
1367 1888 1374 1900 ‚
1403 1862 1462 1894 ubi
1488 1862 1614 1895 morari

190 1907 394 1951 pontificem
423 1908 617 1951 Eugenium
644 1915 837 1953 acceperat.
887 1910 972 1942 haec
999 1910 1079 1942 urbs
1113 1909 1220 1942 distat
1241 1909 1284 1941 ab
1311 1909 1468 1941 Venetiis
1493 1908 1616 1941 stadiis

190 1954 264 1985 fere
291 1954 466 1986 trecentis.
522 1953 627 1986 duces
655 1960 690 1986 et
716 1956 891 1999 principes
924 1955 1032 1988 habet
1067 1956 1126 2000 qui
1156 1961 1238 1988 sunt
1266 1955 1310 1987 de
1338 1955 1469 1986 familia
1494 1954 1617 1987 Esten-

190 1999 294 2032 sium.
342 1999 471 2043 opibus
508 1999 763 2045 hominumque
801 2002 1031 2034 multitudine
1061 2002 1214 2034 excellit.
1265 2000 1356 2033 Pado
1383 2000 1488 2032 fluvio
1507 2000 1616 2034 allui-

190 2052 260 2078 tur.
310 2045 467 2078 subiecta
494 2052 547 2078 est
569 2048 725 2079 Romano
751 2049 923 2092 pontifici.
973 2047 1080 2080 duces
1097 2058 1158 2080 seu
1185 2048 1371 2091 principes,
1397 2057 1484 2091 quos
1510 2045 1613 2078 modo

190 2091 354 2131 diximus,
381 2091 518 2136 accipit.

285 2139 346 2170 Vir
369 2138 431 2170 ille
457 2139 516 2182 qui
543 2143 616 2170 tum
644 2140 814 2182 temporis
840 2139 875 2171 in
903 2139 989 2171 urbe
1016 2149 1128 2171 rerum
1158 2149 1291 2170 summa
1315 2136 1528 2181 potiebatur,
1553 2148 1615 2169 ae-

190 2184 336 2227 quitatis
371 2183 566 2224 studiosus,
592 2195 656 2216 nec
681 2190 817 2216 caetera
852 2185 1054 2229 imprudens
1079 2189 1164 2217 erat.
1214 2182 1415 2215 huiusmodi
1441 2189 1557 2215 autem
1582 2185 1614 2216 ei

190 2230 318 2262 accidit
342 2230 532 2263 calamitas.
568 2241 709 2262 uxorem
735 2230 890 2263 hahebat
914 2231 1020 2263 filiam
1050 2230 1146 2263 ducis
1165 2229 1427 2268 Monferrariae,
1454 2228 1615 2273 pulchri-

190 2275 317 2308 tudine
355 2276 556 2320 formaeque
581 2276 758 2318 elegantia
791 2282 1038 2323 praestantem.
1092 2286 1205 2308 mores
1230 2275 1400 2314 mulieris,
1423 2281 1614 2320 antequam

192 2321 228 2353 id
253 2323 481 2365 contigisset,
516 2322 688 2354 modestia
725 2323 852 2366 insigni
878 2322 1116 2354 coruscabant.
1165 2322 1250 2353 haec
1275 2320 1474 2354 insaniebat
1495 2332 1612 2354 amore

190 2368 361 2412 privigni,
387 2369 446 2413 qui
471 2368 562 2400 filius
589 2367 685 2400 ducis
714 2375 788 2400 erat
813 2368 955 2401 nothus.
1015 2368 1076 2413 qui
1101 2378 1178 2399 cum
1207 2368 1317 2399 serius
1341 2366 1384 2399 ad
1408 2377 1483 2399 eam
1510 2368 1613 2400 veni-

190 2419 245 2446 ret
270 2425 374 2458 quarn
402 2415 506 2446 moris
533 2419 585 2446 est
614 2425 733 2446 eorum
764 2415 823 2458 qui
853 2415 888 2446 in
915 2414 1013 2446 ltalia
1051 2415 1178 2445 lautius
1208 2415 1339 2452 vivunt,
1368 2414 1528 2445 iuvenem
1554 2413 1612 2446 in-

189 2465 242 2491 ter
268 2460 461 2492 ludendum
487 2460 531 2492 ad
556 2471 705 2492 amorem
724 2466 900 2505 provocat.
927 2461 984 2492 hic
1012 2460 1214 2502 intelligens
1238 2470 1274 2490 se
1300 2471 1317 2490 a
1344 2458 1492 2491 muliere
1515 2470 1611 2491 ama-

188 2506 230 2546 ri,
256 2511 291 2538 et
318 2507 393 2550 ipse
422 2507 578 2538 mulieris
603 2517 720 2538 amore
747 2508 886 2543 exarsit,
922 2511 958 2538 et
983 2506 1175 2549 aliquando
1205 2511 1362 2548 tempore
1386 2505 1498 2549 stupri
1523 2516 1611 2538 con·-

189 2551 414 2584 suetudinem
442 2564 516 2584 cum
543 2563 690 2584 noverca
717 2563 777 2584 sua
802 2551 936 2584 habuit.
987 2552 1113 2584 anciila
1141 2557 1257 2583 autem
1285 2550 1456 2595 quaedam
1484 2556 1523 2583 ut
1548 2562 1608 2583 co-

187 2599 310 2639 gnovit
345 2609 496 2630 amorem
536 2599 698 2638 iliorum,
721 2599 866 2630 amatori
899 2610 960 2630 suo
999 2609 1067 2630 rem
1107 2608 1243 2630 omnem
1271 2602 1420 2629 enarrat.
1472 2597 1500 2628 is
1527 2607 1608 2628 vero

187 2643 269 2675 duci
298 2643 483 2676 admodum
509 2656 607 2677 carus
633 2650 718 2683 erat,
745 2651 780 2676 et
805 2644 850 2676 ab
874 2655 916 2676 eo
949 2643 1141 2676 honorifice
1170 2643 1357 2676 admodum
1381 2641 1606 2675 tractabatur.

187 2690 216 2721 is
242 2689 350 2732 igitur
376 2691 436 2722 ubi
477 2702 546 2723 rem
572 2692 736 2735 cognovit
759 2690 891 2723 indicio
916 2691 1088 2731 ancillae,
1111 2701 1252 2723 necnon
1272 2690 1348 2734 ipse
1371 2687 1518 2721 eandem
1546 2699 1607 2721 ex-
