1774 3204
245 199 339 245 526
570 200 788 243 LAONlCl
828 199 1333 242 CHALCOCONDYLAE

242 300 370 351 λέγων
395 298 470 351 τήν
498 311 542 338 τε
570 297 690 338 πόλιν
725 295 1002 350 παραλαβών,
1031 295 1178 337 αὐτίκα
1221 293 1405 336 ἐκέλευεν
1443 293 1556 338 ἰόντα
1596 298 1670 338 καί

198 365 283 411 Dec
318 362 393 411 τοὶς
424 359 552 410 ἄλλας
590 360 730 409 πόλεις
771 361 952 402 κελεύειν
975 359 1256 413 παραδιδόναι
1299 359 1375 408 τὰς
1413 357 1668 416 ἀκροπόλεις.

241 427 366 474 αὐτός
392 429 468 478 μὲν
501 422 574 468 οὖν
601 426 678 468 σύν
706 431 790 473 τοῖς
824 427 1028 478 βασιλέως
1055 423 1262 478 ὑπάρχοις
1298 424 1471 478 περιιών
1495 428 1669 480 παρεδί-

238 493 313 530 δου
343 490 419 538 τὰς
448 489 589 538 πόλεις
630 491 684 547 τῷ
713 493 888 542 βασιλεῖ.
959 491 1030 530 καί
1069 488 1293 543 ἑγκαθίστη
1333 491 1410 542 μὲν
1449 490 1509 537 εἷς
1539 489 1670 540 αὐτὰς

239 554 428 609 φυλακὰς
457 556 667 607 βασιλεύς,
696 553 772 608 τήν
799 556 846 595 δὲ
875 552 994 595 πόλιν
1010 554 1259 607 ΙΙἸιτυλήνην
1287 555 1330 602 ἐς
1355 553 1450 608 τρία
1482 551 1703 608 ‹heldat-5

239 633 306 665 νος
336 618 382 660 τὸ
412 620 489 670 μὲν
518 619 654 660 αὐτοῦ
692 620 970 671 ἐγκατέλιπεν,
998 618 1040 659 εἴ
1062 633 1099 659 τι
1128 617 1297 670 ἀχρεῖον
1323 613 1374 671 ἦν
1399 619 1476 660 τοῦ
1504 617 1667 670 ὅμίλου,

236 681 280 725 τὸ
313 685 358 724 δὲ
388 682 526 738 ἕτερον
573 685 802 735 διενείματο
836 689 919 731 τοῖς
956 685 1147 737 νεήλυσι,
1174 681 1249 736 τὴν
1279 683 1326 723 δὲ
1352 685 1495 738 τρίτην
1517 689 1671 739 μοῖραν

237 749 461 804 κατῴκισεν
489 750 531 796 ἐς
558 749 803 801 Βυζάντιον,
831 747 874 790 εἴ
896 763 932 789 τι
961 744 1013 800 ἦν
1043 750 1124 789 τῶν
1152 748 1290 788 οἰστῶν
1307 741 1423 797 ἄξιον
1448 747 1572 801 λόγου
1598 751 1672 790 καί

238 808 427 864 εὔπορον.
482 812 579 861 τούς
615 814 661 853 δὲ
688 812 886 865 πειράτας
915 812 1141 865 ἀπαγαγών
1168 815 1448 867 κατέσφαξεν,
1475 815 1518 861 ἐς
1549 829 1669 865 τρια-

105 886 140 920 Ρ.
155 885 223 919 281
238 880 401 925 κοσίους
427 876 629 929 μάλιστα,
658 878 701 925 ἐς
736 878 875 929 χαῖρον
910 875 984 917 ἕνα
1011 879 1093 918 τῶν
1118 880 1389 930 προαστείων,
1413 877 1464 918 τὰ
1495 875 1669 929 σώματα
1682 884 1725 918 10

237 942 337 994 δίχα
367 939 608 992 ποιούμενος
650 942 693 989 ἐς
734 939 805 994 τὴν
833 939 1008 996 σφαγήν.
1080 943 1205 981 τοῦτο
1245 939 1324 994 γὰρ
1364 940 1600 994 βιαιότερον
1627 939 1670 988 ἐς

237 1004 332 1052 τούς
361 1008 581 1056 πολεμίους
610 1003 804 1060 ἐξεύρητο
834 1009 909 1046 τοῦ
939 1005 1123 1046 θανάτου
1155 1002 1280 1057 εἶδος,
1309 1003 1355 1046 τὸ
1380 1007 1503 1058 σῶμα
1521 1007 1565 1054 ἐς
1593 1004 1671 1047 δύο

236 1073 407 1121 τέμνειν.
480 1072 728 1118 καταθέντες
767 1065 840 1111 οὖν
865 1069 938 1123 τήν
979 1070 1108 1123 τομήν
1134 1072 1176 1119 ἐς
1213 1070 1258 1111 τό
1285 1070 1545 1125 διάφραγμα,
1575 1067 1672 1112 ὅθεν

235 1137 453 1187 ξυμβαίνει
482 1134 617 1188 ἴσχειν
653 1137 724 1177 ἐπί
750 1134 851 1176 πολὺ
897 1139 968 1187 τῆς
994 1137 1181 1189 τελευτῆς
1226 1134 1294 1176 <hd
1327 1137 1451 1177 τοῦτο
1477 1134 1549 1178 τὸν
1577 1137 1671 1177 δια-

237 1200 529 1278 φθειρόμενον.
603 1202 824 1254 ε’γκαθίστη
857 1202 904 1242 δὲ
935 1203 993 1248 εἰς
1027 1199 1100 1254 τὴν
1135 1199 1255 1242 πόλιν
1282 1199 1438 1255 ταύτην
1468 1200 1670 1255 νεήλυδας
1684 1214 1726 1248 15

236 1261 353 1319 ἇμφί
377 1279 474 1312 τους
502 1264 738 1313 διακοσίους
768 1281 833 1305 και
878 1263 1085 1315 οἷζάπιδας
1113 1266 1156 1313 ἐς
1190 1264 1464 1318 τριακοσίους,
1494 1267 1566 1306 καί
1593 1259 1670 1340 ὅρ-

615 1331 634 1341 a·

235 1345 363 1383 χοντα
389 1331 530 1370 αὐτων
558 1344 630 1370 του
660 1329 906 1380 Σαμλιάτεω
938 1330 1091 1384 παῖδα,
1121 1325 1255 1382 ανδρα
1283 1327 1495 1383 επίσημον,
1524 1323 1575 1370 ου
1599 1327 1672 1371 τὸν

238 1398 401 1447 πατέρα
432 1397 474 1435 ἐν
501 1400 591 1442 ταῖς
620 1394 824 1446 βοὶσιλέως
852 1392 1006 1447 θύραις
1027 1392 1192 1435 ἀκούειν
1211 1392 1474 1448 δικαιοσύνης
1500 1389 1672 1447 ἄριστον

238 1459 507 1513 ἐπυθόμεθα,
538 1458 717 1511 μάλιστα
739 1461 784 1500 δὲ
805 1457 1000 1512 δικαστὴν
1019 1461 1102 1500 τῶν
1129 1460 1172 1499 ἐν
1186 1464 1277 1506 ταῖς
1292 1460 1496 1510 βασιλέως
1514 1457 1671 1511 θύραις

198 1526 565 1576 Βκαθισταμένων,
581 1522 653 1564 καί
676 1522 794 1572 δίκας
821 1522 1045 1564 δικάσαντα
1061 1519 1231 1577 ἄριστον
1245 1523 1406 1564 πάντων
1417 1522 1469 1577 δὴ
1483 1516 1541 1564 ὧν
1552 1522 1726 1578 ἧμεΐς2ο

327 1633 385 1666 20.
413 1632 578 1679 tiquam?
724 1633 763 1667 δὲ
788 1632 812 1666 Ρ

235 1747 313 1769 cum
341 1736 436 1769 bona
475 1735 520 1768 ab
549 1746 628 1779 rege
663 1736 934 1775 nuntiarentur,
972 1736 1119 1769 venerit.
1185 1746 1244 1768 rex
1269 1735 1485 1780 exprobrans
1511 1735 1543 1768 ei
1568 1745 1665 1768 suam

232 1783 408 1815 inscitiam
435 1786 471 1815 et
495 1781 767 1826 imprudentiam
783 1805 792 1822 ,
817 1787 994 1826 postremo
1033 1781 1313 1814 consolationem
1338 1781 1513 1822 adhibuit,
1538 1781 1666 1814 iubens

233 1840 312 1861 eum
341 1839 416 1860 esse
443 1828 538 1860 bono
563 1828 699 1870 animo,
735 1828 827 1860 nihil
866 1839 944 1860 eum
982 1829 1066 1860 mali
1107 1833 1252 1872 propter
1278 1827 1315 1860 id
1334 1827 1430 1872 quod
1454 1828 1568 1871 primo
1592 1838 1666 1860 non

232 1875 392 1928 paruerit
418 1874 532 1907 edicto
556 1874 647 1917 regis
685 1885 878 1917 passurum.
930 1873 984 1906 his
1019 1874 1110 1906 ultro
1135 1875 1295 1918 citroque
1322 1873 1423 1906 dictis
1451 1873 1573 1906 urbem
1605 1885 1666 1906 rex

234 1923 271 1953 iu
297 1920 474 1952 dicionem
503 1921 666 1963 accepit3
698 1921 968 1965 principemque
1003 1921 1109 1954 etiam
1142 1921 1178 1952 in
1204 1921 1357 1965 reliquas
1393 1921 1531 1952 insulae
1561 1919 1666 1952 urbes

234 1967 286 1999 ire
311 1966 424 2006 iubet,
452 1971 491 1999 ut
516 1977 632 1998 earum
659 1976 755 1998 arces
781 1977 815 1998 se
841 1966 1023 1999 dederent.
1049 1966 1109 2010 qni
1137 1967 1285 2010 impigre
1308 1966 1400 1998 iussa
1429 1966 1518 2009 regis
1541 1976 1666 2011 capes-

235 2023 316 2045 sens
343 2023 410 2044 una
437 2023 514 2045 cum
541 2013 642 2055 regiis
669 2012 855 2055 praefectis
883 2012 986 2044 urbes
1013 2012 1109 2051 adiit,
1140 2023 1269 2057 easque
1300 2012 1368 2056 regi
1395 2011 1553 2044 tradidit.
1605 2022 1667 2044 rex

235 2059 428 2097 continuo,
462 2069 508 2091 ne
535 2069 603 2102 qua
641 2059 823 2091 innovatio
853 2059 1078 2098 exoriretur,
1105 2058 1207 2090 urbes
1244 2059 1277 2090 in
1302 2058 1479 2090 dicionem
1505 2062 1666 2111 acceptas

235 2104 420 2150 praesidiis
444 2104 568 2136 firmat.
621 2103 868 2146 Mitylenarum
904 2105 996 2136 cives
1018 2106 1055 2138 in
1082 2110 1149 2136 tres
1187 2103 1368 2137 distribuit
1392 2109 1518 2148 partes.
1545 2102 1666 2146 vulgi

236 2151 400 2184 inutilem
441 2155 577 2194 partem
605 2149 655 2181 ibi
694 2151 854 2193 reliquit,
882 2151 1029 2183 alteram
1054 2150 1246 2194 peregrinis
1285 2151 1480 2191 concessit3
1513 2150 1666 2190 tertiam,

235 2207 327 2242 quae
352 2207 479 2240 genere
509 2201 546 2228 et
581 2195 710 2240 opibus
744 2197 981 2240 principatum
1019 2197 1121 2228 facile
1153 2195 1348 2235 obtinebat,
1374 2195 1578 2238 Byzantium
1602 2194 1667 2228 de·

235 2244 402 2288 portavit.
459 2242 590 2286 piratas
625 2247 800 2275 trecentos
841 2243 876 2274 in
902 2253 1009 2275 unum
1049 2242 1164 2274 locum
1190 2247 1287 2274 extra
1322 2241 1443 2274 urbem
1467 2246 1666 2274 contractos

235 2289 379 2322 occidit.
429 2293 466 2320 et
500 2299 570 2332 quo
599 2287 775 2320 crudelius
813 2288 989 2332 perirent,
1013 2298 1159 2332 corpora
1197 2298 1318 2320 eorum
1342 2288 1459 2320 media
1484 2286 1664 2320 dissecuit.

237 2346 319 2368 nam
347 2335 484 2379 placuit
510 2335 580 2377 regi
604 2334 799 2366 Turcorum
828 2333 895 2366 hoc
919 2334 1041 2368 mortis
1072 2344 1199 2376 genere
1227 2334 1263 2366 in
1289 2334 1408 2366 hostes
1437 2335 1501 2373 uti,
1528 2338 1569 2366 ut
1593 2344 1667 2366 ma-

236 2382 311 2413 iore
336 2380 547 2413 crudelitate
574 2381 770 2419 interirent,
794 2379 950 2413 dissectis
966 2380 1171 2423 corporibus
1189 2379 1325 2418 mediis,
1352 2379 1470 2423 gladio
1496 2379 1666 2424 diaphra-

236 2428 345 2470 gmati
370 2426 506 2459 adacto.
555 2437 634 2458 nam
661 2427 722 2470 qui
752 2427 786 2458 in
813 2426 907 2458 hunc
930 2425 1073 2458 modum
1098 2425 1266 2465 caeditur,
1291 2426 1350 2458 diu
1378 2426 1499 2458 mortis
1523 2425 1665 2458 dolores

238 2474 470 2505 amarissimos
497 2473 685 2516 experitur.
744 2472 828 2504 huic
852 2477 967 2504 autem
997 2472 1090 2512 urbi,
1124 2483 1168 2504 ne
1194 2483 1298 2516 quam
1325 2471 1563 2505 defectionem
1585 2481 1666 2504 mo·-

240 2519 390 2551 lirentur
413 2518 562 2557 incolae,
587 2518 757 2553 ducentos
784 2518 826 2550 de
851 2518 1115 2563 peregrinorum
1140 2529 1284 2562 corpore
1314 2523 1350 2551 et
1376 2523 1551 2551 trecentos
1574 2519 1665 2550 Aza-

241 2565 342 2609 pides
366 2565 545 2609 imposuit.
607 2564 663 2597 his
700 2564 822 2597 ducem
861 2565 1045 2597 constituit
1067 2564 1256 2597 Samblatis
1292 2564 1418 2604 filium,
1438 2564 1550 2597 virum
1577 2563 1667 2596 illu-

241 2616 359 2651 strem,
384 2612 483 2643 cuius
507 2615 609 2655 pater
643 2611 679 2642 in
706 2612 794 2654 regis
823 2611 936 2643 ianuis
966 2609 1090 2643 iudicis
1128 2610 1240 2644 officio
1270 2610 1411 2645 functus
1439 2615 1505 2650 est,
1528 2615 1564 2642 et
1586 2609 1664 2642 liti-

242 2662 362 2699 gantes
391 2669 522 2689 summa
549 2656 736 2700 diligentia
761 2662 797 2690 et
828 2656 1027 2690 attentione
1052 2655 1207 2696 audivit,
1231 2662 1267 2688 et
1294 2657 1504 2689 sententiam
1531 2665 1665 2688 summa

239 2704 419 2747 aequitate
444 2703 604 2736 adhibita
629 2702 728 2745 dixit,
759 2702 846 2736 adeo
874 2708 911 2736 ut
940 2703 1043 2736 facile
1070 2703 1197 2748 primas
1225 2703 1316 2736 inter
1339 2713 1460 2736 omnes
1483 2702 1666 2735 ianuarum
