1774 3204
217 183 310 227 368
572 188 785 229 LAONlCl
827 190 1335 234 CHALCOCONDYLAE

218 282 415 336 ἅπαντας,
444 284 621 338 μηδενὸς
664 287 923 340 φειδόμενον.
989 292 1060 329 καί
1085 286 1194 330 οὕτω
1234 290 1338 341 πρὸς
1364 291 1493 345 ἀλκὴν
1519 290 1646 343 ἐτρά-

215 362 337 389 ποντο
365 346 413 390 τά
445 345 552 390 ὅπλα
579 347 767 403 ἔχοντες·
797 353 848 392 οὕ
889 354 969 405 γὰρ
1015 355 1130 407 ἠξίου
1160 353 1180 394 ὃ
1212 353 1644 411 βασιλεύς-’παραδόν-

214 428 287 459 τας
313 413 361 453 τοὶ
398 410 506 454 ὅπλα
535 416 816 470 κατακαίνειν,
855 416 960 458 ἄλλα
998 420 1128 460 ταῦτα
1165 418 1338 472 ἔχοντας
1376 421 1490 474 δίκην
1529 421 1646 461 διδό-

213 494 281 518 ναι
310 471 369 519 ὧν
396 476 562 520 ἐποίουν
591 481 634 528 ἐς
662 481 795 525 av’rdv.
853 482 924 524 καί
953 481 1067 524 οὕτω
1093 485 1170 535 μὲν
1198 484 1249 538 δη
1280 484 1408 540 ταύτῃ
1436 486 1648 527 ἐνοιῖδενί

216 541 317 599 λόγῳ
347 543 574 584 ἀπώλοντο.
1498 585 1500 587 .
1560 576 1564 587 ,

323 609 509 655 Παίονες
534 611 612 660 μὲν
651 610 702 662 δη
731 611 872 663 πρῶτα
919 610 1017 658 τούς
1044 613 1188 661 Δᾶκας
1218 614 1504 664 διισταμένους
1527 611 1645 657 ἰδόν-

213 687 276 720 τες
306 672 547 723 ἐθαύμαζον
571 669 596 712 ὅ
615 689 655 715 τι
683 673 919 725 βούλοιντο·
975 675 1032 723 ὥς
1059 677 1105 717 δὲ
1134 675 1317 729 ἔγνωσαν
1344 679 1644 729 διαλλαττομέ-

213 751 307 784 νους
334 739 392 792 τῷ
417 739 610 790 βασιλεῖ’,
649 739 924 790 ἑχαλέπαινόν
950 755 995 781 τε
1036 741 1181 788 αὐτοῖς
1214 741 1285 782 καί
1311 737 1491 794 ἤχθοντο
1517 758 1644 783 κατα-

84 815 115 844 1‘.
138 813 199 845 195
215 800 492 855 προδεδωκόσι
522 802 621 850 τούς
649 805 811 857 φίλους.
882 804 972 845 ἐπεὶ
1010 807 1045 845 δ’
1085 804 1222 857 ὀλίγον
1261 803 1436 860 ὕστερον
1460 809 1646 859 κατεῖδον

213 865 369 913 αύτούς
395 865 634 917 ’ξύμπαντας
660 869 765 920 πρὸς
783 870 855 909 τοῦ
882 871 1085 920 βασιλέως
1114 867 1254 911 οὐδενί
1279 868 1386 926 λόγῳ
1411 871 1643 924 α’πολλυμέα
1658 877 1701 911 10

211 947 318 986 νους,
350 929 393 972 ἐν
422 930 608 984 θαύματι
641 931 812 986 εἴχοντο,
841 934 916 987 τήν
943 949 987 975 τε
1014 932 1180 988 γνώμην
1208 933 1438 984 ἐννοοῦντες
1463 938 1540 976 τοῦ
1567 938 1646 987 βα-

211 998 387 1048 σιλέως,
427 996 484 1044 ὥς
526 994 650 1038 οὐδέν
688 1013 728 1038 τι
769 997 1006 1051 συμμάχων
1045 997 1243 1041 τοιούτων
1279 999 1432 1052 ἐδεῖτο,
1461 1001 1570 1053 μέγα
1599 1015 1645 1042 το

213 1063 429 1102 ἐποιοῦντο
458 1060 800 1103 ἀπαλλάττεσθαι
830 1063 903 1117 την
930 1066 1140 1118 ταχίστην,
1166 1065 1355 1119 Ἰωάννης
1381 1067 1458 1117 μὲν
1487 1059 1561 1106 οὖν
1584 1064 1646 1112 «ic

212 1125 293 1167 α’πό
321 1127 394 1180 τῆς
421 1124 561 1180 μάχης
588 1127 746 1180 ἐγένετο
785 1129 854 1169 ἐπί
881 1131 962 1169 τῶν
994 1129 1187 1184 ἁμαξῶν,
1217 1131 1419 1182 διελέγετο
1439 1128 1647 1183 ,τοῖς-ἤγε-

211 1190 332 1241 μόσιν
361 1189 558 1244 ἡγεμόσιν
590 1190 646 1239 ὥς
685 1191 812 1240 αὐτὸς
839 1196 916 1244 μὲν
955 1193 1036 1234 συν
1065 1200 1150 1242 τοῖς
1174 1195 1280 1248 ἀμφ’
1311 1191 1443 1234 αὑτὸν
1472 1191 1528 1235 ἴοι
1561 1190 1642 1236 dud
1660 1201 1700 1234 15

211 1257 287 1296 τοῦ
315 1255 455 1308 λόχου,
486 1250 512 1310 ᾖ
543 1253 702 1309 ἑστήκει
730 1255 1092 1309 αὕτὸςηβασιλεύς,
1120 1258 1176 1306 ὥς
1201 1260 1244 1306 ἐς
1265 1257 1338 1306 τοὶς
1364 1259 1500 1311 θύρας
1517 1259 1646 1310 ἐμβα-ἐ

212 1322 306 1370 λῶν,
333 1319 488 1368 αὐτούς
507 1322 566 1370 δέ,
596 1320 765 1362 ἐπειδὰν
793 1318 962 1374 ἄγγελον
979 1324 1149 1374 πέμψας
1178 1321 1432 1379 διασημήνῃἰ
1456 1320 1647 1364 ἐλαύνειν

188 1381 322 1435 -ὅμοῦ
348 1386 500 1433 πάντας
529 1383 657 1436 ὁμόσε
686 1385 757 1427 ἐπὶ
781 1386 855 1433 τοὶς
882 1386 1032 1440 θύρας.
1091 1390 1163 1428 καί
1188 1389 1320 1429 ταῦτα
1349 1390 1475 1439 λέγων
1501 1382 1647 1440 (ᾖνδὲ

211 1448 325 1503 α’μφὶ
350 1449 427 1503 τὴν
455 1448 636 1505 ἐσχάτην
667 1450 879 1505 φυλακήν)
905 1452 1195 1503 ἐπιλεξάμενος
1219 1451 1316 1500 τούς
1342 1467 1385 1493 τε
1412 1446 1578 1502 ἄμεινον
1597 1451 1646 1497 ’ἐς

172 1512 283 1559 Βτὸν
315 1512 494 1566 πόλεμον
523 1519 941 1569 παρεσκευασμένους
968 1519 1041 1558 καί
1069 1515 1140 1564 οὓς
1168 1517 1224 1564 ὥς
1251 1518 1493 1570 ἐπιτηδείως
1523 1514 1642 1568 ἕχον-
1655 1527 1701 1560 20

214 1593 288 1625 τας
317 1580 532 1632 ἠπίστατο,
562 1586 646 1627 τοῖς
675 1583 720 1621 δὲ
751 1582 794 1620 ἑν
826 1586 918 1628 ταῖς
947 1581 1125 1632 ἁμάξαις
1153 1582 1446 1634 παραγγείλας,
1474 1578 1644 1621 ἐπειδὰν

210 1642 369 1699 σημήνῃ
386 1678 396 1697 ,
423 1644 525 1686 κατὰ
557 1647 692 1686 ταῦτα
731 1648 917 1699 προϊέναι
947 1646 1017 1686 ἐπὶ
1053 1645 1127 1693 τὰς
1160 1644 1318 1698 θύρας,
1345 1642 1472 1692 αὐτός
1496 1658 1540 1684 τε
1566 1646 1644 1694 μὲν

209 1706 295 1749 ἵετο
322 1711 626 1766 συντεταγμένῳ
656 1711 712 1765 τῷ
741 1709 1020 1765 στρατεύματι
1048 1710 1096 1752 τὰ
1129 1708 1305 1763 ἔμπαλιν
1334 1706 1548 1764 γενόμενος
1575 1710 1647 1749 ἐπὶ

1656 559 1677 592 5

211 1838 284 1860 mes
311 1827 604 1868 interficerentur,
629 1839 749 1862 verum
777 1834 930 1865 armatos
957 1840 1088 1874 poenas
1113 1829 1322 1862 delictorum
1347 1827 1431 1862 dare
1458 1838 1519 1862 eos
1542 1827 1641 1863 vole-

211 1873 285 1907 bat.
335 1875 372 1906 in
399 1873 493 1907 hunc
517 1874 660 1908 modum
693 1876 965 1916 miserabiliter,
1000 1881 1040 1909 ut
1065 1887 1215 1921 quorum
1244 1876 1343 1908 nulla
1372 1875 1462 1912 ratio
1489 1873 1640 1907 habere-

211 1925 278 1960 tur,
303 1919 479 1963 peribant.

298 1966 482 1999 Pannones
506 1977 583 1999 cum
604 1967 797 2010 conspicati
822 1972 938 2000 essent
955 1968 1125 2000 Dacorum
1152 1967 1409 2009 transitionem²
1432 1966 1545 2010 primo
1573 1965 1642 2009 iniq

212 2010 381 2044 rabuntur
406 2011 494 2056 quid
519 2011 606 2045 haec
630 2013 698 2045 sibi
723 2014 867 2046 vellent.
916 2018 955 2046 ut
981 2019 1228 2057 compererunt
1248 2014 1362 2046 Dacos
1381 2013 1418 2044 in
1445 2011 1640 2048 hunemo-

212 2057 294 2089 dum
326 2058 570 2092 reconciliatos
597 2070 673 2091 esse
698 2060 788 2102 regi,
814 2059 966 2102 graviter
991 2071 1241 2097 suecensuere,
1275 2058 1373 2103 quod
1399 2058 1550 2102 turpiter
1573 2057 1639 2090 ad-

212 2103 355 2136 modum
381 2103 628 2137 destituissent
652 2106 781 2137 amicos
805 2116 896 2137 suos.
946 2116 1064 2138 verum
1092 2104 1186 2137 haud
1213 2105 1326 2136 multo
1354 2108 1446 2148 post,
1474 2103 1533 2145 ubi
1560 2103 1638 2137 ani·-

211 2149 477 2183 madverterunt
503 2151 704 2190 universos,
728 2151 829 2183 nullo
855 2162 976 2184 eorum
1014 2156 1174 2195 respectu
1200 2150 1335 2190 habito,
1363 2149 1553 2182 crudeliter
1578 2149 1638 2182 in-

212 2196 330 2236 terire,
357 2195 588 2230 admiratione
613 2196 828 2240 figebantur,
872 2198 1066 2240 cogitantes
1100 2197 1189 2240 regis
1212 2196 1422 2229 sententiam
1438 2220 1448 2235 ‚
1469 2194 1639 2237 videlieet

212 2242 311 2285 quod
343 2253 415 2275 non
444 2242 661 2275 desiderarre
694 2243 896 2275 huiusmodi
925 2244 1036 2275 socios
1062 2247 1098 2275 et
1134 2242 1329 2275 auxiliares.
1378 2239 1530 2286 proinde
1556 2240 1639 2285 plu-

213 2288 291 2320 rimi
320 2287 509 2328 faciebant,
533 2289 561 2321 si
586 2289 843 2333 quamprimum
862 2288 1050 2321 abscedere
1069 2293 1222 2332 possent.
1270 2289 1420 2320 loannes
1444 2287 1552 2331 igitur
1576 2297 1638 2320 ex·

213 2334 341 2367 cedens
365 2335 499 2378 praelio
527 2340 692 2378 pergeeat
715 2334 760 2366 ad
785 2345 918 2374 currus,
946 2339 982 2366 et
999 2334 1272 2379 colloquebatur
1295 2345 1372 2366 cum
1392 2332 1552 2372 ducibus,
1575 2332 1638 2378 qui

213 2386 325 2421 erant,
351 2380 471 2413 diceus
498 2392 535 2413 se
559 2382 678 2413 venire
706 2392 783 2412 cum
809 2381 879 2412 suis
905 2379 947 2412 ab
985 2391 1026 2412 ea
1051 2380 1206 2413 hostium
1233 2385 1345 2413 turma
1368 2380 1406 2412 iu
1432 2390 1502 2424 qua
1528 2384 1638 2423 stete-

214 2427 260 2458 rit
285 2437 356 2458 rex.
404 2427 526 2472 itaque
564 2427 623 2459 ubi
657 2427 693 2459 in
718 2427 838 2458 ianuas
873 2427 1040 2470 irruperit
1065 2431 1101 2458 et
1124 2426 1160 2458 id
1185 2436 1246 2470 per
1271 2426 1437 2458 nuntium
1462 2425 1637 2468 siguifica-

213 2472 271 2510 rit,
298 2478 335 2505 ut
360 2484 431 2505 tino
464 2474 598 2517 impetu
633 2483 752 2504 omnes
788 2471 977 2504 adveniant
1002 2477 1108 2516 atque
1146 2474 1182 2504 in
1210 2473 1331 2504 ianuas
1357 2472 1504 2504 irruant.
1550 2470 1637 2503 baec

213 2529 291 2550 eum
319 2519 464 2552 dixisset
492 2519 696 2557 Choniates,
723 2520 811 2551 circa
838 2523 1027 2550 extremam
1054 2520 1167 2550 noctis
1188 2518 1343 2561 vigiliam
1358 2517 1466 2560 elegit
1487 2527 1545 2554 eos
1573 2515 1635 2560 qui

214 2565 347 2607 optime
373 2564 417 2597 ad
442 2564 575 2598 bellum
606 2570 706 2597 erant
730 2565 902 2603 instructi,
944 2569 979 2597 et
1005 2575 1092 2609 quos
1117 2565 1183 2597 sibi
1216 2564 1502 2597 familiarissimos
1529 2561 1637 2605 duce-

210 2609 295 2649 bat3
322 2615 357 2643 et
382 2611 455 2643 illis
482 2612 543 2655 qui
571 2611 730 2643 curribus
755 2610 982 2650 vehebantur,
1007 2611 1158 2654 imperat
1184 2616 1222 2642 ut
1245 2610 1307 2642 ubi
1327 2609 1476 2654 primum
1499 2609 1638 2652 signum

211 2654 361 2694 dederit,
384 2667 516 2690 summa
549 2658 583 2689 vi
620 2660 656 2689 in
687 2658 808 2689 ianuas
835 2656 1001 2688 serantur.
1067 2657 1142 2699 ipse
1169 2667 1252 2688 vero
1280 2661 1414 2689 mutata
1440 2654 1637 2692 voluntate,

212 2699 255 2732 ad
285 2703 410 2735 Istrum
438 2705 606 2736 instructo
636 2703 772 2747 agmine
807 2713 912 2747 quam
937 2702 1118 2736 celerrime
1146 2701 1370 2748 properabat.
1416 2711 1493 2733 cum
1521 2704 1637 2732 autem
