1774 3204
229 185 327 235 404
560 189 778 230 LAoNici
819 189 1324 232 CHALCOCONDYLAE

228 291 367 330 ταῦθα
391 286 461 327 τὸν
493 287 736 338 ΠΙπραῖμεω
773 288 923 338 παῖδα,
953 285 1019 327 τὸν
1051 290 1127 327 τοῦ
1173 285 1285 328 οἴκου
1325 288 1440 344 αὐτῷ
1463 286 1660 342 ἡγεμόνα,

228 352 538 403 συλλαμβάνει,
567 349 788 403 βουληθείς
823 352 900 400 μὲν
941 351 1014 391 καί
1049 351 1245 404 πρότερον
1291 353 1494 394 α’πολέσαι
1521 352 1661 408 αὐτόν,

190 414 514 461 Βκαταστάντων
543 416 588 454 δὲ
618 414 750 455 οὐκέτι
779 415 891 470 αὐτῷ
931 417 1011 456 ταῖν
1041 415 1295 468 πραγμάτων
1320 418 1498 469 βεβαίως
1525 419 1660 459 δεδοι-

228 481 308 528 κώς
341 481 414 520 οὐκ
451 482 626 520 ἐποιεῖτο
674 477 750 531 τήν
786 478 1006 534 σύλληψιν.
1075 482 1148 520 καί
1173 479 1300 520 αὐτὸν
1327 484 1404 531 μὲν
1447 484 1490 522 ἐν
1516 485 1661 530 πέδαις

228 545 336 597 ἔχων
364 546 610 594 α’πέπεμψεν
657 544 726 584 ἐπί
752 543 910 597 ἁμάξης
958 542 1028 585 ἐπὶ
1060 544 1404 596 Ἀὃριανούπολιν
1431 549 1693 599 καθεῖρξαι,5

226 608 298 650 καί
321 608 370 649 οὔ
401 610 537 664 πολλῷ
565 604 740 660 ’ὕστερον
769 608 840 659 τήν
856 623 900 647 τε
929 608 1075 649 οι’σιἀν
1103 605 1309 662 ἀφείλετο,
1335 609 1495 662 χρυσόν
1520 625 1562 650 τε
1590 609 1664 650 καί

227 670 429 727 ἄργυρον,
472 668 566 719 ὅσος
594 673 687 724 ἐνῆν
713 671 857 727 αὐτῷ,
890 671 1145 725 ἰσχυρότατα
1194 674 1238 712 δὲ
1267 674 1494 726 χρημάτων
1519 676 1660 726 κτῆσιν

225 735 499 791 ποιησάμενον
535 737 676 776 τοῦτον
708 735 774 776 τὸν
805 732 961 788 ἄνδρα,
1002 738 1076 777 καί
1101 739 1205 788 μέγα
1246 733 1385 790 ὄλβιον
1421 739 1464 778 ὲν
1492 738 1548 792 τῷ
1577 741 1659 778 τῶν

223 804 430 855 βασιλέων
476 801 600 841 τῶνδε
630 799 724 856 οἴκῳ
753 801 1001 851 συμπάντων
1041 803 1277 853 γενομένων.
1334 803 1468 842 ταῦτα
1500 805 1546 842 δὲ
1573 804 1658 854 ἑγέ·

223 881 312 907 νετο
344 866 660 917 ἐπικρατοῦντος
693 864 787 904 τότε
815 864 887 904 καί
913 864 956 905 τὸ
988 863 1136 918 κράτος
1166 864 1328 917 ἔχοντος
1348 866 1462 918 παρὰ
1492 869 1714 918 βασιλεῖΙΟ

223 928 416 983 Ζαγάνου
447 931 518 970 τοῦ
546 930 746 982 κηδεστοῦ
775 930 1001 980 βασιλέως,
1043 924 1095 969 οὗ
1122 930 1193 982 τὴν
1213 932 1428 982 θυγατέρα
1457 931 1658 984 ἐγγυημέ-

223 1011 296 1048 νην
326 996 592 1049 ΙΙἸαχουμέτῃ
629 995 686 1047 τῷ
715 991 946 1046 Μιχαήλου
977 994 1120 1047 παιδί,
1153 994 1208 1042 (ὃς
1237 993 1441 1045 ὀψόμενος
1466 991 1533 1052 ᾔει
1562 999 1659 1047 παρ’

226 1058 354 1100 αὐτὸν
385 1056 472 1110 ἅμα
495 1059 551 1114 τῷ
577 1061 763 1110 βασιλεῖ’,
793 1059 864 1098 καί
890 1060 1086 1111 ἐρασθείς
1106 1059 1161 1106 ὥς
1189 1057 1391 1100 ἐθεάσατο
1422 1058 1497 1113 τὴν
1515 1065 1658 1112 γυναῖ-

186 1138 289 1176 cua,
320 1123 492 1176 ἠγάγετο
518 1124 595 1174 μὲν
625 1121 753 1169 αὐτὸς
771 1121 940 1175 ταύτην,
967 1121 1042 1175 τήν
1065 1124 1110 1162 δὲ
1129 1119 1274 1175 ἑτέραν
1294 1123 1518 1177 ἐγγυήσατο
1549 1125 1660 1180 αὐτῷ

224 1190 491 1242 Μαχουμέτῃ
539 1185 559 1225 ὅ
589 1185 795 1239 Ζάγανος.
861 1187 929 1227 τὸν
969 1189 1047 1237 μὲν
1090 1182 1163 1227 οὖν
1191 1187 1381 1241 Χαλίλην
1407 1186 1539 1237 εόθὺς
1566 1189 1658 1230 τότε
1673 1199 1714 1232 15

223 1253 519 1306 κατεχρήσατο,
549 1250 621 1292 καί
648 1250 744 1298 τούς
772 1253 1032 1304 θεράποντας
1059 1254 1187 1293 αὐτοῦ
1213 1251 1426 1307 Ἰαγούπην
1441 1253 1513 1295 καί
1532 1257 1660 1307 Μεχ-

222 1320 359 1370 μέτην,
390 1319 459 1357 καί
488 1315 706 1367 συλλαβών
735 1315 783 1356 τά
815 1316 1012 1369 χρήματα
1040 1317 1233 1371 ἀφείλετο
1262 1317 1367 1371 ὑπὲρ
1395 1316 1470 1366 τὰς
1499 1317 1549 1370 ιβ’
1577 1335 1660 1370 μυ-

225 1383 374 1435 ριάδας
401 1384 576 1434 χρυσοῦ.
633 1382 818 1422 ἐνταῦθα
846 1384 922 1432 μὲν
953 1379 1142 1435 ὥρμηντο
1174 1385 1256 1423 τῶν
1283 1383 1549 1435 θεραπόντων
1571 1385 1660 1424 Δοιιῖ-

223 1447 298 1488 τοῦ
327 1445 363 1487 οἱ
394 1451 578 1488 πλεῖστοι
609 1450 910 1500 μελανοφορεῖν
937 1448 1009 1486 καί
1033 1450 1114 1487 τῶν
1132 1449 1384 1501 ἐπιτηδείων,
1416 1446 1488 1489 οἵτε
1507 1447 1660 1503 ἀνδρὸς

225 1512 402 1565 ἀρίστου
430 1512 664 1563 γενομένου.
722 1514 792 1551 καί
821 1510 876 1558 ὥς
904 1513 1025 1551 τοῦτο
1046 1511 1212 1565 α’νήχθη
1245 1513 1286 1559 ἐς
1313 1515 1500 1564 βασιλέα,
1531 1513 1654 1566 κη’ρυ-
1670 1525 1716 1559 20

223 1591 310 1629 γμα
340 1577 517 1616 ἐποιεῖτο
535 1607 545 1626 ,
594 1573 637 1622 ὃς
667 1571 718 1615 ἂν
760 1577 918 1627 ἐσθῆτα
947 1577 1145 1626 μέλαιναν
1177 1578 1340 1629 φοροίη,
1371 1579 1412 1624 ἐς
1440 1575 1514 1629 την
1540 1577 1660 1617 iore-

227 1642 352 1694 ραιἀν
378 1644 571 1692 παρεῖναι
618 1641 660 1688 ἐς
695 1640 768 1686 τὰς
805 1641 1007 1691 βασιλέως
1043 1638 1193 1692 θύρας.
1263 1639 1335 1680 καί
1361 1641 1499 1689 οὐδεὶς
1526 1640 1660 1697 ἐφάνη

227 1700 358 1753 οὕτως
389 1702 496 1757 ἔχων
530 1703 609 1744 dvc>
639 1703 712 1757 τὴν
738 1704 865 1744 πόλιν.
895 1699 1093 1757 άνεδηλου
1125 1705 1200 1755 μὲν
1230 1706 1285 1759 τῷ
1306 1703 1431 1759 α’νὸρί
1458 1706 1560 1762 τῷδε
1590 1707 1663 1747 καί

324 1822 357 1855 7.
387 1819 456 1864 0⁸91?
579 1822 633 1855 12.
660 1825 713 1865 εἴη
738 1824 761 1855 1>

234 1921 346 1961 iubet,
373 1932 451 1953 cum
478 1921 546 1953 iam
571 1927 675 1955 antea
700 1933 778 1954 eum
801 1922 998 1955 interficere
1025 1923 1141 1955 animo
1166 1922 1390 1955 destinasset.
1438 1934 1556 1955 verum
1582 1934 1660 1956 cum

234 1979 288 2000 res
314 1978 397 2000 suae
425 1967 575 1999 necdum
603 1969 686 2000 satis
723 1969 840 2000 firmae
867 1969 1000 2008 forent,
1026 1974 1121 2001 metu
1151 1969 1325 2002 inhibitus
1352 1978 1431 2001 eum
1453 1980 1527 2001 non
1553 1970 1659 2014 cepit.

233 2025 311 2046 cum
340 2024 419 2045 eum
445 2013 780 2057 comprehendisset,
807 2016 963 2046 vinctum
992 2015 1105 2046 currui
1138 2016 1306 2059 imposuit
1329 2021 1366 2047 et
1393 2013 1660 2058 Adrianopolim

232 2059 314 2092 vehi
340 2059 466 2100 iussit,
504 2065 543 2091 ut
579 2060 627 2091 ibi
656 2061 692 2092 in
724 2061 874 2092 vinculis
902 2066 1148 2092 asservaretur.
1207 2073 1272 2093 nec
1305 2061 1416 2093 multo
1453 2066 1534 2104 post
1555 2061 1659 2093 bonis

234 2105 408 2143 omnibus,
436 2116 520 2137 auro
547 2111 582 2137 et
607 2111 764 2149 argento,
790 2112 961 2150 quantum
984 2106 1213 2151 possidebat,
1241 2118 1320 2138 eum
1346 2107 1454 2138 exuit.
1502 2117 1582 2138 nam
1608 2107 1661 2139 vir

233 2152 296 2184 ille
321 2151 445 2196 opibus
471 2151 689 2184 cumulandis
714 2151 901 2184 admodum
928 2152 1135 2192 inhiaverat,
1165 2151 1369 2197 divitiisque
1393 2163 1524 2190 omnes,
1554 2158 1660 2197 quot-

235 2203 324 2242 quot
349 2198 386 2228 iu
411 2197 503 2239 regia
528 2203 649 2237 erant,
674 2198 780 2240 longe
805 2198 1048 2230 antecedebat.
1110 2198 1195 2230 haec
1220 2199 1420 2240 contigere,
1445 2209 1523 2230 cum
1549 2199 1661 2242 pluri-

235 2254 329 2275 mum
354 2242 509 2287 polleret
535 2243 629 2288 apud
659 2254 774 2285 regem
788 2245 941 2286 Zaganus
963 2245 1075 2286 regius
1100 2243 1232 2285 assinis3
1257 2244 1353 2276 cuius
1371 2244 1479 2276 filiam
1505 2243 1661 2288 despon-

236 2300 308 2322 sam
338 2289 549 2321 Machumeti
577 2288 760 2322 Michaelis
787 2290 873 2329 filio,
898 2300 974 2322 cum
1005 2291 1071 2322 iret
1096 2301 1163 2321 una
1187 2300 1265 2321 cum
1291 2301 1371 2332 rege
1395 2291 1518 2329 visum,
1543 2301 1661 2323 amore

235 2335 426 2380 perculsus,
458 2341 496 2367 ut
528 2345 602 2368 eam
629 2334 734 2372 vidit.
758 2347 899 2368 uxorem
933 2335 1043 2367 (luxit.
1102 2336 1245 2367 alteram
1272 2346 1352 2368 vero
1379 2336 1566 2368 Mechmeti
1597 2335 1662 2368 de-

235 2380 381 2425 spondit
406 2382 570 2424 Zaganus.
630 2386 665 2412 et
692 2381 832 2426 quidem
851 2387 923 2413 tum
950 2382 1065 2413 statim
1091 2381 1266 2413 Chatitem
1291 2382 1440 2422 necavit,
1465 2382 1662 2414 ministros-

237 2438 305 2472 que
332 2427 406 2458 eius
433 2432 554 2472 captos
581 2429 744 2471 lagupem
775 2433 810 2459 et
835 2426 1067 2460 Meclimetem
1097 2428 1262 2471 spoliavit
1287 2427 1426 2472 opibus.
1476 2439 1661 2460 aureorum

237 2479 361 2504 autem
379 2479 479 2505 erant
503 2473 687 2505 duodecim
715 2472 897 2516 myriades.
960 2474 1109 2506 ministri
1138 2472 1298 2512 charitis,
1325 2485 1474 2518 quorum
1499 2474 1661 2518 complu-

238 2530 290 2550 res
317 2524 428 2558 erant,
453 2519 579 2563 pullati
620 2519 847 2551 obambulare
872 2518 1060 2559 volebant,
1099 2524 1137 2551 ut
1163 2521 1324 2561 lugerent
1348 2531 1443 2560 eum,
1482 2521 1582 2564 quasi
1609 2521 1663 2551 vir

238 2565 354 2596 bonus
379 2565 512 2597 fuisset.
563 2577 680 2597 verum
709 2566 766 2598 ubi
798 2577 855 2598 rex
884 2565 920 2597 id
947 2567 1140 2609 comperit,
1167 2567 1335 2598 continuo
1364 2577 1427 2610 per
1453 2575 1662 2609 praeconem

239 2610 327 2642 edici
355 2610 455 2643 iubet
493 2612 545 2643 “si
573 2612 649 2656 quis
686 2612 721 2644 iu
758 2612 945 2644 crastiuum
981 2612 1072 2643 diem
1105 2617 1179 2644 atro
1206 2613 1335 2644 amictu
1367 2622 1448 2644 usus
1489 2611 1607 2650 suerit,
1634 2612 1662 2643 is

240 2657 410 2688 continuo
438 2658 473 2689 in
507 2658 629 2690 ianuas
663 2658 751 2701 regis
777 2657 952 2690 accedat.”
1013 2663 1187 2690 caeterum
1213 2658 1334 2690 nullus
1361 2662 1482 2690 contra
1509 2656 1663 2690 edictum

242 2702 330 2745 regis
357 2703 514 2746 pullatus
539 2705 713 2748 apparuit.
776 2715 835 2736 rex
870 2704 939 2736 iam
965 2709 1067 2736 antea
1109 2703 1239 2736 iudicia
1262 2703 1358 2736 haud
1383 2703 1531 2736 obscura
1557 2713 1662 2747 prae-
