1884 3178
479 177 552 216 DE
586 174 758 215 REBUS
796 175 1048 218 TURClClS
1088 176 1134 214 1„
1166 176 1221 213 11.
1499 165 1563 211 63

95 291 141 332 ἐν
173 289 359 345 φυλακῇ.
395 284 654 340 βασιλεύσας
695 285 742 327 δὲ
784 284 978 336 ἀπέδειξε
1020 287 1094 327 καί
1130 285 1202 327 τόν
1252 284 1386 325 παῖδα
1430 281 1568 323 affirm?

94 354 287 409 Ἰωάννην
314 353 495 406 βασιλέα
522 356 609 400 τοῖς
630 349 822 406 ’Ἕλλησι
879 355 1046 405 κατεῖχε
1074 354 1154 402 μὲν
1177 346 1253 393 οὖν
1271 351 1342 393 έπί
1370 348 1443 404 ἔτη
1470 350 1568 402 τρία

95 421 139 468 ἐς
170 418 249 474 τὴν
276 417 443 474 εἱρκτὴν
470 416 607 473 τήνδε,
638 417 711 458 καί
737 417 900 459 ἀνελεῖν
929 417 1006 458 ου“κ
1036 412 1161 471 ἤθελε
1194 417 1497 470 παραινοῦντος
1526 411 1569 462 ἐς

95 488 222 529 τοῦτο
253 485 370 542 αὐτῷ
409 485 599 538 συνεχῶς
627 482 905 537 Παιαζήτεω.
974 485 1032 542 τῷ
1063 484 1110 524 δὲ
1140 482 1325 539 τετάρτῳ
1356 479 1438 524 ἔτει
1465 481 1568 521 ‹iva-

64 553 315 600 ὅπείσαντες
344 550 581 606 ὑπηρέτην,
620 547 667 597 ὃς
696 550 839 598 αὐτοῖς
869 564 913 590 τε
952 547 1128 606 προσῄει
1169 549 1242 590 καί
1266 547 1319 591 τά
1350 547 1468 604 α’μφί
1492 546 1570 601 τὴν

96 617 258 674 τροφὴν
293 617 489 669 ἐκόμιζεν
534 615 575 665 ἐς
603 615 677 670 τὴν
713 614 904 670 εἱρκτήν,
944 614 1164 656 ἐπιδοῦναι
1210 616 1336 670 σφίσι
1368 616 1566 669 σίδηρον·

97 687 171 726 καί
200 682 304 726 κατὰ
344 681 487 737 βραχύ
527 684 775 724 καταλῦσαί
795 697 840 723 τε
885 681 1044 730 αὐτούς
1076 683 1238 736 λέγεται
1282 679 1358 736 τήν
1387 679 1566 735 εἱρκτήν,

98 749 172 792 καὶ
198 747 467 804 ἀποδράντας
503 748 740 803 ἀφικέσθαι
769 746 886 802 παρὰ
917 750 1098 802 βασιλέα
1138 748 1407 803 Παιαζήτην.
1464 746 1568 787 ὑπι-

97 817 386 871 σχνουμένους
416 816 463 856 δὲ
491 814 624 870 φόρον
653 814 830 868 α’πάγειν
848 816 923 855 καί
949 811 1156 868 στρατιάν
1189 811 1291 868 ὅσην
1320 810 1372 854 ἂν
1400 813 1603 857 &uerat-13

44 889 88 924 10
99 898 164 925 τοι
190 883 341 938 σφίσιν
368 881 528 932 αὐτοῖς,
559 878 808 933 ἐπιπέμψας
848 876 1024 934 ἄγγελον
1052 878 1095 930 ἐς
1122 877 1168 922 τὸ
1202 878 1434 931 Βυζάντιον
1462 877 1568 934 έπή-

99 962 198 1004 ρετο
217 946 319 996 τούς
348 946 609 999 Βυζαντίους
641 946 716 987 καί
739 944 814 1000 τὴν
840 946 1008 1000 γνώμην
1037 941 1196 999 αὖτῶν,
1229 946 1324 988 τίνα
1344 945 1569 1000 βούλοιντο

98 1016 224 1070 σφίσι
255 1015 436 1068 βασιλέα
463 1014 660 1068 γενέσθαι
679 1044 690 1063 ,
716 1013 1058 1067 -Ἑμμανουῆλον
1096 1007 1121 1066 ἢ
1158 1015 1338 1066 βασιλέα
1370 1012 1571 1067 Παιαζή-

99 1093 198 1136 την·
272 1081 512 1133 διεπειρᾶτο
555 1078 638 1133 γὰρ
684 1077 817 1136 ταύτῃ
857 1079 929 1120 καί
968 1079 1069 1131 περὶ
1104 1074 1263 1120 ἑαυτοῦ
1299 1081 1375 1134 τῆς
1402 1076 1570 1134 γνώμης

99 1148 183 1189 τῶν
226 1147 486 1197 Βυζαντίων.
554 1143 593 1187 οἱ
636 1145 683 1186 δὲ
728 1143 958 1196 Βυζάντιοι
996 1143 1193 1200 αἱροῦντο
1230 1144 1569 1198 Ἐμμανουῆλον,

46 1208 174 1254 ιδᾶτε
203 1211 437 1267 ἀχθόμενοι
476 1207 558 1266 ἤδη
587 1213 639 1268 τῇ
667 1211 936 1264 Ἀνδρονίκου
967 1211 1094 1268 ἀρχῇ.
1169 1211 1356 1253 ἐνταῦθα
1385 1209 1570 1264 ἐρίζοντε

102 1273 236 1335 ἄμφω
264 1280 347 1321 τῶν
377 1276 591 1333 εΕλλήνων
627 1279 799 1330 βασιλέε
829 1276 928 1331 περὶ
954 1279 1029 1332 τῆς
1064 1277 1306 1328 Βυζαντίου
1338 1278 1570 1331 βασιλείας,

103 1342 274 1396 ἐτάξατο
302 1343 436 1400 φόρον
467 1343 645 1398 ἀπάγειν
672 1342 696 1384 ὅ
726 1344 1044 1398 Ἐμμανουῆλος
1081 1345 1125 1392 ἐς
1153 1346 1433 1397 τρισμυρίους
1459 1359 1571 1398 χρυ-

104 1412 258 1464 σι’νους,
284 1411 358 1451 καί
381 1406 535 1452 ἑαυτὸν
567 1425 723 1464 αγοντα
751 1407 824 1450 επί
842 1408 1044 1463 στρατιὰν
1073 1410 1252 1451 ἕπεσθαι
1282 1409 1573 1465 συστρατευό-

104 1490 246 1529 μενον,
281 1477 353 1518 καὶ
379 1473 490 1518 ου’τω
520 1476 567 1518 δὲ
589 1478 852 1530 παραλαβεῖν
895 1473 976 1517 ὑπὸ
1007 1473 1271 1530 Παιαζήτεω
1299 1476 1375 1530 τήν
1403 1478 1572 1528 Βυζαν-

47 1549 94 1583 20
107 1544 199 1584 τίου
229 1543 463 1595 βασιλείαν,
492 1543 565 1583 κατ’
591 1543 634 1590 ἐς
662 1539 801 1596 θύρας
831 1542 1038 1598 φοιτῶντα
1068 1542 1141 1583 τόν
1167 1557 1208 1583 τε
1241 1541 1373 1598 φόρον
1403 1540 1439 1584 οἱ
1473 1541 1612 1584 §ui-C

106 1611 206 1659 ξατο
234 1609 309 1650 καί
332 1606 407 1649 τὸν
446 1606 630 1662 στρατὸν
671 1607 848 1662 ἀπάγειν
890 1605 1070 1650 ἑκάστου
1099 1606 1246 1659 ἔτους,
1277 1609 1333 1657 ὥς
1362 1607 1440 1663 ἔαρ
1470 1606 1571 1650 ὑπέ-

107 1689 271 1730 φαινεν.
334 1669 607 1728 Ἀνδρόνικος
631 1675 710 1727 μὲν
739 1669 816 1716 οὖν
845 1677 920 1717 καί
946 1673 1143 1730 Ἰωάννης
1186 1673 1208 1716 ὅ
1236 1680 1338 1725 παῖς
1365 1675 1497 1718 αὐτοῦ
1527 1673 1572 1718 ἐν

200 1807 256 1842 20.
287 1806 339 1856 οἱ]
369 1805 414 1844 ὃν
442 1808 474 1842 H

109 1927 200 1962 bens
223 1932 362 1973 patrem
386 1934 423 1961 et
449 1926 594 1961 fratrem
618 1929 656 1962 in
686 1938 838 1961 carcere.
864 1938 944 1960 cum
970 1933 1090 1961 autem
1119 1928 1386 1962 administraret
1411 1939 1571 1973 regnum,

113 1975 229 2008 filium
254 1986 357 2009 suum
382 1976 556 2009 Ioannem
581 1975 727 2008 Graecis
753 1985 872 2019 regem
898 1974 1105 2008 destinavit.
1156 1976 1239 2008 illos
1264 1986 1349 2010 vero
1378 1978 1481 2010 annis
1509 1977 1570 2010 tri-

111 2022 178 2056 bus
202 2023 242 2056 in
277 2033 415 2056 carcere
459 2023 603 2062 tenuit,
627 2033 694 2056 nec
719 2028 838 2056 tamen
864 2022 1080 2056 obtruncare
1104 2023 1246 2063 voluit,
1274 2025 1435 2069 quamvis
1466 2023 1512 2056 ad
1535 2022 1572 2056 id

110 2069 320 2104 incitaretur
345 2081 365 2102 a
391 2069 555 2103 Paiazite.
584 2081 679 2103 anno
707 2075 827 2102 autem
851 2075 981 2115 quarto
1010 2075 1267 2115 persuaserunt
1284 2071 1436 2103 carceris
1464 2082 1573 2116 prae-

110 2116 219 2157 secto,
245 2117 308 2163 qui
333 2117 503 2150 alimenta
530 2117 617 2162 ipsis
642 2117 896 2158 ministrabat,
923 2122 963 2150 ut
990 2118 1186 2151 subiiceret
1215 2117 1361 2151 serrum.
1412 2129 1485 2163 quo
1518 2118 1574 2151 fa-

110 2169 168 2198 cto
186 2163 442 2209 ‚dissoluerunt
473 2175 661 2203 carcerem,
696 2170 733 2197 et
755 2164 982 2208 aufugientes
1009 2165 1228 2198 festinarunt
1253 2165 1298 2198 ad
1327 2176 1444 2208 regem
1472 2165 1572 2197 Paia-

111 2210 230 2252 zitem,
254 2212 507 2256 promittentes
532 2223 568 2244 se
594 2212 768 2246 tributum
797 2212 989 2244 maximum
1016 2223 1202 2257 pensuros,
1226 2211 1446 2257 (latui-osque
1476 2212 1572 2245 miii-

112 2263 166 2292 tes
190 2264 374 2304 quotquot
400 2259 621 2303 imperasset.
673 2260 781 2292 misso
807 2260 936 2292 nuntio
965 2260 1169 2301 Byzantium
1197 2260 1411 2305 explorabat
1438 2259 1572 2302 Byzan-

112 2305 246 2339 tiorum
272 2305 422 2346 animos,
448 2317 640 2351 quemnam
672 2305 742 2340 sibi
778 2317 894 2348 regem
922 2305 1012 2347 dari,
1038 2307 1268 2340 Emanuelem
1293 2318 1338 2339 an
1369 2306 1574 2346 Paiazitem,

112 2351 262 2387 vellent.
284 2366 289 2371 ·
316 2352 384 2385 hac
409 2354 549 2386 ratione
578 2352 727 2398 pulchre
753 2353 1005 2398 expiscabatur
1039 2360 1078 2386 ut
1102 2352 1263 2396 Byzantii
1290 2355 1397 2386 etiam
1426 2365 1507 2398 erga
1536 2364 1574 2386 se

112 2399 261 2432 animati
288 2399 418 2434 forent.
467 2405 505 2433 at
538 2401 696 2443 Byzantii
725 2400 914 2444 elegerunt
942 2401 1195 2441 Emannelem,
1241 2402 1310 2433 iam
1347 2399 1575 2434 fastidientes

115 2445 308 2479 Andronici
345 2447 543 2492 imperium.
605 2454 727 2481 exorta
757 2453 811 2480 est
852 2448 960 2492 igitur
987 2449 1174 2481 contentio
1203 2449 1296 2481 inter
1321 2448 1446 2480 ambos
1474 2459 1573 2491 reges

52 2492 58 2496 ’
115 2504 224 2538 super
249 2493 408 2537 Byzantii
436 2505 555 2538 regno.
606 2495 778 2528 Emanuel
800 2495 1036 2540 promittebat
1062 2507 1098 2528 se
1130 2495 1304 2527 tributum
1330 2493 1429 2540 quod
1455 2495 1576 2528 conti-

114 2545 219 2574 neret
244 2545 315 2573 tres
339 2540 516 2584 myriades
541 2552 729 2575 aureorum
746 2567 755 2582 ,
791 2547 1061 2575 numeraturum
1100 2542 1315 2587 quotannis3
1342 2541 1575 2587 addebatque

115 2598 152 2620 se
182 2586 426 2632 proiecturum
464 2599 544 2621 cum
574 2589 638 2622 illo
676 2589 714 2622 in
744 2589 909 2622 militiam
940 2600 1159 2634 quocunque
1199 2589 1373 2621 exercitus
1400 2589 1573 2622 duxisset.

115 2632 172 2666 his
211 2633 488 2668 condicionibus
506 2659 516 2676 ‚
540 2646 628 2681 quas
653 2635 760 2669 modo
786 2637 1162 2675 commemoravimus,
1194 2636 1350 2678 Byzantii
1382 2647 1527 2680 reguum
1556 2648 1575 2669 a

115 2680 269 2714 Paiazite
295 2682 446 2727 accepit,
470 2682 641 2716 videlicet
670 2689 709 2716 ut
742 2685 780 2716 in
808 2683 933 2716 ianuas
960 2682 1144 2737 profectu-s
1169 2683 1357 2722 tributum.
1385 2683 1482 2729 quod
1509 2685 1575 2716 im-

114 2733 295 2774 perasset,
319 2728 494 2770 solveret,
530 2729 736 2776 militesque
762 2741 903 2776 semper
931 2735 1021 2775 quot
1045 2729 1224 2772 iussisset,
1259 2741 1341 2763 vere
1379 2736 1576 2776 appetente
