1774 3204
1678 0 1774 141 Ἰ

235 292 373 344 ὀρθῶς
404 290 582 344 εἴρηται,
612 288 683 331 διὰ
712 291 759 332 δὲ
786 289 859 344 τήν
884 292 1040 345 χώραν,
1071 290 1121 345 ἢν
1159 291 1342 334 ἐνοικοῦν
1370 293 1563 348 φαίνεται
1588 294 1663 348 τήν

233 357 468 408 Ἱλλυριῶν,
513 349 628 403 ἄξιόν
662 356 748 395 ἑστι
790 356 999 409 φέρεσθαί
1039 354 1078 397 οἱ
1106 353 1286 408 τοῦνομα
1314 360 1450 398 τοῦτο.
1506 358 1579 399 καί
1601 358 1658 414 μὴ

95 426 137 459 V.
152 425 215 458 221
232 422 390 470 νέμεσις
430 417 493 471 εἴη
530 413 640 458 οὕτω
684 421 908 471 φρονοῦντι
945 419 1044 473 περὶ
1072 416 1244 461 αὐτῶν·
1310 421 1536 473 Ἀλβανοὺς
1579 421 1659 476 γάρ

229 484 354 537 ἔγωγε
378 482 536 534 μᾶλλόν
570 498 614 523 τε
656 489 738 529 τοῖς
766 482 989 525 ΙΡΙακεδόσι
1023 487 1325 538 προστίθεσθαι
1363 482 1415 526 ἂν
1443 488 1603 538 λέγοιμι
1631 483 1659 539 ἢ

226 543 337 604 ἄλλῳ
366 549 566 589 τινῐτῶν
595 545 698 588 κατά
734 547 809 601 τήν
838 550 1078 604 οἰκουμένην
1119 550 1252 590 ἐθνῶν
1273 567 1282 576 ·
1339 546 1483 591 οὐδενί
1502 566 1544 591 τε
1575 549 1688 605 γάρ5

224 615 532 667 συμφέρονται,
562 607 620 653 ὅτι
659 611 716 665 μὴ
747 610 790 652 τὸ
813 612 1072 654 Maxumum»
1100 617 1228 666 γένος.
1258 613 1365 654 α’λλὰ
1394 613 1550 656 τούτων
1577 616 1654 666 μὲν

221 676 319 730 περί
342 674 433 724 ἅλις
462 675 567 717 ἔστω
595 677 725 716 ταῦτα
755 677 965 731 εἰρημένα,
996 680 1204 718 καλείσθω
1235 679 1280 718 δέ
1295 693 1366 729 μοι
1396 679 1453 732 τῷ
1484 673 1655 730 ὀνόματι

220 743 375 798 τούτῳ,
409 743 634 795 Ἰλλυριοί,
673 738 711 781 οἷ
734 741 830 792 περὶ
866 739 935 782 τὸν
959 739 1107 782 Ἰόνιον
1139 743 1342 789 οἰκοῦντες
1370 737 1495 795 ἄχρις
1522 737 1653 795 ἄκρας

92 807 400 859 Ρ.284Ἰστρίας
439 807 692 858 καλουμένης
732 803 838 857 πρὸς
879 807 936 862 τῷ
971 809 1094 861 μυχῷ
1121 810 1196 847 τοῦ
1222 804 1392 859 κόλπου,
1423 804 1654 860 ἀνεχούσης

217 873 344 927 ταύτῃ
368 874 411 919 ἐς
437 869 480 912 τὸ
507 873 696 924 πέλαγος,
723 872 796 910 καί
813 869 850 911 οἱ
881 874 976 924 περί
1002 871 1075 925 τήν
1101 871 1231 928 ταύτῃ
1247 870 1470 926 μεσόγαιον
1492 874 1647 915 οἰκοῦν·
1665 881 1707 915 10

215 952 281 985 τες
306 937 523 989 Ἰλλυριοί.

319 999 411 1042 ‘Eut
435 999 591 1042 τούτων
628 1002 673 1040 δὲ
712 998 782 1040 τὸν
816 1001 992 1051 βασιλέα
1031 1001 1302 1054 ἐστρατεύετο
1331 1001 1529 1054 βασιλεύς
1555 1005 1648 1044 Με-

210 1067 380 1118 χμέτης,
409 1061 468 1106 ὅτι
494 1063 564 1106 τὸν
593 1063 721 1118 φόρον
740 1064 891 1115 αὐτοῦ,
919 1063 974 1111 ὥς
1004 1066 1065 1104 ἐπ’
1096 1064 1224 1106 αὐτὸν
1244 1066 1413 1120 οἶφίκετο
1442 1067 1648 1118 βασιλέως

211 1131 339 1183 κῆρυξ
369 1129 544 1169 κελεύων
575 1126 647 1169 τόν
673 1144 717 1168 τε
747 1125 878 1182 φόρον
908 1127 1080 1181 α’ποίγειν
1107 1126 1168 1170 ὅτι
1193 1129 1369 1182 τάχιστα
1395 1129 1438 1178 ἐς
1466 1130 1543 1179 τοὶς
1569 1134 1647 1183 βα-

210 1195 355 1240 σιλέως
383 1191 520 1245 θύρας
538 1193 609 1233 καί
628 1191 685 1246 μὴ
706 1193 957 1243 διαμέλλειν,
987 1195 1234 1245 συναγείρας
1258 1193 1329 1234 τὸν
1357 1194 1504 1250 φόρον,
1527 1197 1647 1238 πέντε
1663 1202 1704 1235 15

210 1254 307 1299 ὄντα
333 1257 545 1311 μυριάδας
571 1257 793 1311 στατήρων,
838 1259 909 1297 καί
937 1259 1143 1306 ἐπιδείξας
1171 1261 1228 1314 τῷ
1255 1261 1462 1311 βασιλέως
1488 1261 1669 1315 κήρυκι,’

210 1322 265 1370 ὠς
294 1321 453 1374 ἕτοιμος
482 1323 558 1373 μὲν
587 1321 650 1375 εἴη
680 1320 702 1360 ὅ
731 1320 861 1375 φόρος
889 1321 960 1361 καί
989 1321 1044 1370 ὥς
1073 1322 1396 1375 παρεσκεύαστο,
1428 1325 1480 1364 ου’
1503 1328 1647 1377 μέντοι

209 1403 254 1440 γε
284 1390 562 1442 προθυμεῖται
602 1388 882 1437 ἐπιπέμποντα
912 1388 968 1440 τῷ
1008 1389 1180 1438 βασιλεῖ’
1204 1387 1251 1428 τὰ
1279 1389 1476 1442 χρήματα
1505 1393 1645 1444 στέρε-

171 1456 312 1494 Βσθαι
349 1450 508 1493 τούτων
541 1450 693 1503 αὐτόν,
724 1451 822 1492 ου’ὄὲ
855 1449 893 1491 οἱ
923 1454 1056 1499 καλῶς
1085 1450 1206 1506 glay,
1239 1452 1344 1493 ἀλλὰ
1376 1453 1456 1494 σύν
1482 1452 1644 1504 τούτοις

208 1518 280 1557 καί
304 1513 354 1570 ἢν
381 1521 574 1567 πολεμεῖν
611 1517 681 1571 δέῃ
721 1516 952 1571 [πολεμεῖν]
996 1518 1051 1570 τῷ
1087 1519 1256 1568 βασιλεῖ
1283 1518 1458 1568 πόλεμον
1487 1517 1643 1572 ἑπαρά-
1656 1529 1701 1563 20

209 1597 345 1634 μενον,
375 1577 543 1632 ἄμεινον
573 1576 623 1620 ἂν
652 1578 1005 1633 παρασκευάζοιτο
1034 1581 1074 1628 ἐς
1095 1580 1165 1621 τὸν
1183 1581 1368 1635 πόλεμον,
1395 1582 1466 1624 καί
1495 1579 1544 1636 ἢν
1572 1579 1642 1640 δέῃ

210 1642 442 1700 ἀπαίροντα
489 1648 616 1698 αλλην
662 1642 750 1686 τινὰ
790 1646 1033 1684 στέλλεσθαι
1069 1645 1223 1697 χώραν,
1254 1649 1386 1687 ταῦτα
1418 1645 1565 1700 ἔχοντα
1592 1649 1642 1690 τοὶ

207 1709 406 1763 χρήματα
434 1704 600 1761 ἄμεινον
627 1707 809 1763 πράξειν.
868 1706 939 1749 τὸν
965 1710 1041 1760 μὲν
1069 1703 1142 1750 οὖν
1169 1709 1328 1764 κη’ρυκα
1345 1713 1506 1764 λέγεται
1531 1713 1642 1753 ἐπει-

240 193 334 236 532
598 191 817 233 LAONlCl
851 193 1356 234 CHALCOCONDYLAE

301 1807 332 1841 7.
361 1807 590 1842 καλείσθωνὶ)
691 1807 743 1839 12.
764 1807 893 1842 τοῦτον
915 1807 939 1839 Ρ
1323 1788 1339 1805 ’

210 1881 305 1914 haud
332 1887 458 1914 rectam
483 1892 537 1913 me
575 1881 781 1924 assignasse.
843 1891 964 1913 verum
1002 1887 1149 1926 propter
1173 1883 1350 1926 regionem
1373 1894 1478 1928 quam
1502 1884 1637 1924 colunt,

210 1929 348 1968 merito,
372 1933 411 1961 ut
429 1927 514 1960 mihi
538 1927 700 1966 videtur,
738 1927 868 1969 lilyrici
898 1929 1138 1972 appellantur.
1187 1940 1252 1961 nec
1276 1934 1392 1961 tamen
1423 1930 1558 1962 invidia
1583 1940 1638 1963 me

210 1975 422 2012 comitetur,
450 1974 484 2005 in
523 1973 617 2004 hunc
640 1971 778 2005 modum
810 1973 853 2004 de
892 1973 944 2005 his
971 1975 1204 2006 sentientem:
1231 1986 1308 2006 nam
1339 1975 1492 2008 Albanos
1520 1977 1638 2021 potius

209 2019 466 2053 Macedonibus
495 2019 718 2052 adnumerari
753 2020 913 2051 existimo
941 2030 1044 2064 quam
1074 2020 1136 2052 alii
1162 2021 1199 2052 in
1227 2026 1392 2053 terrarum
1419 2023 1506 2054 orbe
1531 2024 1637 2066 genti.

210 2072 244 2099 at
269 2066 313 2098 de
341 2065 393 2098 his
418 2065 513 2098 satis.
580 2065 739 2107 Illyricos
768 2066 875 2107 igitur
913 2076 986 2097 eam
1014 2071 1152 2109 gentem
1178 2068 1322 2099 nomino
1350 2079 1440 2112 quae
1462 2069 1558 2101 iuxta
1581 2069 1639 2101 Io·

208 2113 306 2145 nium
335 2111 474 2144 habitat
499 2122 609 2155 usque
636 2110 679 2142 ad
700 2122 867 2142 summam
892 2112 1037 2152 1striam,
1063 2113 1111 2144 sic
1127 2112 1254 2144 dictam
1280 2114 1456 2156 regionem
1480 2124 1571 2159 quae
1594 2112 1639 2147 ad

211 2160 323 2191 sinum
352 2158 505 2190 excurrit
528 2157 565 2189 in
592 2158 749 2201 pelagus.
1482 2159 1486 2164 '

298 2203 469 2237 Adversus
493 2202 617 2234 horum
646 2213 759 2245 regem
799 2214 891 2234 arma
926 2203 1088 2247 capiebat
1110 2203 1335 2242 Mechmetes‚
1362 2205 1443 2248 quia
1469 2205 1637 2239 tributum

209 2251 361 2294 amplius
397 2251 487 2282 ferre
515 2250 706 2282 recusabat.
755 2260 833 2280 nam
862 2250 977 2292 regius
1015 2260 1138 2292 praeco
1167 2249 1211 2281 ad
1238 2250 1330 2281 hunc
1354 2257 1555 2291 accesserat,
1578 2253 1637 2284 iu-

207 2296 295 2329 bens
327 2302 364 2328 nt
401 2296 654 2340 quamprimum
680 2305 777 2326 mora
815 2296 909 2327 omni
940 2297 1056 2339 posita
1092 2295 1262 2328 tributum
1297 2297 1333 2327 in
1365 2298 1487 2330 ianuas
1523 2298 1635 2331 inser-

210 2348 272 2375 ret.
320 2343 537 2384 Illyricorum
581 2353 641 2374 rex
670 2341 838 2383 colligens
866 2340 1061 2380 tributum,
1089 2341 1205 2385 quod,
1239 2342 1446 2376 continebat
1476 2345 1636 2388 quinque

207 2388 383 2431 myriades
425 2393 590 2420 staterum
632 2398 833 2425 aureorum,
880 2386 988 2432 idque
1033 2389 1198 2431 praeconi
1243 2388 1450 2428 ostendens,
1496 2389 1636 2424 dicebat

208 2435 402 2467 “tributum
451 2434 595 2478 quidem
641 2434 827 2466 collectum
870 2438 905 2465 et
950 2439 1107 2477 paratum
1153 2434 1190 2465 in
1234 2440 1398 2479 promptu
1437 2441 1501 2468 est.
1570 2447 1634 2468 nec

209 2487 326 2512 tamen
366 2479 453 2512 mihi
483 2479 579 2512 cordi
619 2485 672 2512 est
711 2481 849 2511 mittere
883 2480 953 2522 regi
998 2484 1111 2511 tantas
1138 2491 1244 2523 opeS‚
1282 2486 1317 2512 et
1349 2491 1404 2513 me
1428 2481 1633 2526 pianissime

207 2527 261 2558 his
286 2527 432 2570 privare.
482 2537 600 2558 verum
632 2527 658 2557 si
697 2526 829 2557 bellum
863 2524 906 2556 ab
943 2535 1020 2567 rege
1055 2526 1286 2569 impenderit,
1324 2525 1420 2559 bello
1451 2538 1507 2560 me
1539 2539 1635 2560 com-

206 2573 342 2604 mittam
372 2573 530 2612 felicius,
558 2573 584 2604 si
618 2578 714 2604 tanta
740 2571 910 2616 pecuniae
936 2572 1074 2603 affuerit
1106 2573 1170 2603 vis.
1228 2578 1407 2616 praeterea
1446 2574 1474 2606 si
1502 2584 1542 2606 ea
1570 2572 1635 2606 ne-

208 2619 350 2650 cessitas
369 2630 421 2650 me
456 2618 734 2663 apprehenderit
765 2623 803 2650 ut
830 2617 916 2649 mihi
943 2618 979 2649 in
1006 2618 1111 2648 aliam
1139 2619 1183 2650 sit
1206 2618 1420 2659 migrandum
1446 2620 1634 2663 regionem,

209 2664 318 2696 fretus
345 2665 420 2697 istis
446 2665 573 2709 opibus
603 2665 710 2696 vitam
746 2663 959 2696 commodius
996 2664 1135 2706 exigere
1163 2665 1317 2708 potero.”
1368 2666 1481 2708 regius
1508 2676 1634 2709 praeco

210 2709 357 2743 audiens
381 2711 468 2744 istos
494 2721 683 2751 sermones,
714 2709 935 2755 respondisse
958 2709 1067 2743 fertur
1092 2711 1129 2743 in
1153 2709 1246 2743 hunc
1269 2711 1421 2743 modum.
1470 2717 1530 2744 “et
1556 2711 1633 2756 qui-
