1858 3210
520 211 594 250 DE
634 209 812 250 REBUS
850 204 1109 250 TURClClS
1147 207 1194 247 L.
1222 207 1316 248 Vll.
1545 201 1642 246 355

177 310 370 364 ἔκαυσεν,
400 306 741 361 ἐπιδεικνύμενος
770 313 854 356 τοῖς
895 308 940 348 ἐν
967 308 1018 363 τῇ
1048 306 1183 358 πόλει,
1213 304 1288 348 καὶ
1317 302 1490 347 ἐπειδὰν
1518 307 1646 360 χρεία

177 372 207 432 ᾖ
233 373 522 430 παρεσόμενος
568 377 641 417 κατ’
667 373 799 423 αὐτὸς
839 371 1167 428 ἐπιβοηθὴσων,
1210 375 1286 414 κατ’
1309 388 1434 415 τινων
1460 375 1544 414 τῶν
1572 372 1647 413 τοῦ

176 444 388 498 βασιλέως
418 440 668 494 ἀναβάντων
699 444 772 482 ἐπι·
800 439 848 482 τὸ
885 435 985 494 ὅρος
1013 439 1254 494 προσέβαλέ
1280 455 1324 481 τε
1349 441 1424 481 καί
1451 436 1648 493 ἐμάχετο,

178 507 282 564 ἔργα
333 507 684 559 ἀποδεικνύμενος
732 503 832 557 ἄξια
864 506 1002 561 λόγου.
1073 507 1166 549 ἐπεὶ
1208 508 1256 548 δὲ
1284 509 1342 562 τῷ
1370 509 1547 559 βασιλεῖ
1570 501 1650 561 ἤδη

146 574 334 623 ὁῖκανῶς
375 576 662 630 καταβέβλητο
688 571 734 616 τὸ
763 579 901 628 τεῖχος
920 605 933 627 ,
965 574 1010 622 ἐς
1035 572 1182 628 μάχην
1212 573 1401 627 καθῆστο
1431 588 1649 627 πανστρα-

177 644 264 700 τιᾷ,
290 643 365 684 καί
395 641 623 696 ἐπειρῶντο
654 638 695 682 οἱ
730 638 931 694 νεήλυδες
959 636 1071 682 ἑλεῖν
1098 637 1232 696 ταύτῃ
1260 633 1290 696 ᾗ
1320 636 1456 680 ἔκειτο
1484 638 1532 681 τὸ
1561 645 1648 681 nt-
1663 650 1696 684 P,
1713 647 1779 683 188

177 723 256 763 χος
284 709 356 751 ε’πί
380 710 455 762 γῆς
472 725 484 736 ·
526 708 579 749 ου’
605 708 752 760 μέντοι
780 703 1095 762 ὑπερεβάλοντο
1120 704 1218 756 τους
1241 709 1288 749 ἐν
1310 708 1360 763 τῇ
1386 706 1521 759 πόλει,
1548 709 1651 760 παρ’

179 774 331 819 ἐλπίδα
358 775 716 829 ἀγωνισαμένους.

287 837 502 885 Ἐνταῦθα
530 839 588 890 ὥς
612 838 778 883 ἐπενόει
806 841 916 896 λιμῷ
941 837 1307 895 ἐκπολιορκήσων,
1339 841 1412 880 καὶ
1441 832 1572 888 αὖθις
1603 837 1650 880 τὸ

127 908 384 964 ιθδεύτερον
413 906 670 963 προσβαλών
716 905 824 950 κατὰ
875 905 921 948 τὸ
950 905 1174 962 καρτερόν,
1206 906 1454 962 ἀφικνεῖται
1483 906 1653 959 α’γγελιή

181 974 299 1030 παρὰ
329 976 372 1018 Γ
369 977 549 1030 εωργιόυ
578 976 658 1016 τοῦ
707 975 956 1030 Τριβαλλῶν
986 971 1190 1028 ἡγεμόνος
1221 973 1277 1021 ὥς
1305 972 1497 1028 Ἰωάννης
1521 989 1652 1014 συνα-

181 1041 362 1095 θροίσας
396 1040 494 1092 τοὺς
526 1043 726 1090 Παιόνας
766 1040 841 1083 τόν
869 1055 915 1082 τε
933 1036 1100 1095 Ἴστρον
1128 1042 1341 1093 διαβαίνει
1380 1042 1452 1080 καὶ
1480 1056 1654 1092 συμπα-

184 1106 387 1163 ραλαβών
414 1107 687 1162 στρατεύοιτο
717 1105 781 1150 ἐπ’
813 1105 959 1150 αὐτόν.
988 1108 1125 1150 ταῦτα
1156 1107 1219 1156 ὦς’
1246 1106 1441 1161 ἐπύθετο,
1473 1105 1548 1160 τήν
1577 1123 1657 1148 τα-

181 1179 329 1232 χίστην
354 1173 728 1228 συσκευασάμενος
755 1175 884 1233 α’πῄει
912 1176 1101 1218 ἐνταῦθα
1127 1169 1156 1232 ᾗ
1185 1173 1356 1217 ἐπιόντα
1385 1172 1657 1229 ἐπυνθάνετο,

127 1245 257 1286 15καί
285 1242 449 1298 κήρυκα
491 1241 650 1295 ἔπεμπε
681 1241 790 1300 πρὸς
837 1241 916 1296 τήν
945 1238 1160 1297 Εὗροόπην
1192 1245 1547 1296 περιαγγέλλοντα
1578 1259 1659 1283 πα-

183 1314 321 1364 ρεῖναι
347 1308 462 1366 αὐτῷ
494 1308 553 1357 ὥς
573 1306 816 1362 ξύμπαντας
842 1310 928 1351 τῶν
957 1309 1169 1364 Τούρκων.
1225 1303 1342 1350 οὗτοι
1367 1310 1445 1362 μὲν
1471 1305 1550 1350 οὖν
1576 1325 1656 1350 πα·
1671 1323 1711 1357 ν,
1731 1321 1795 1356 147

182 1376 399 1430 ρεγένοντο
433 1376 579 1432 αὐτῷ,
617 1375 676 1425 ὥς
714 1374 865 1430 ἔτυχεν
910 1377 1084 1425 ἕκαστος
1124 1374 1312 1417 ἐκποδών
1339 1374 1571 1429 γενόμενος,
1600 1374 1696 1424 ὥςΒ

182 1444 230 1484 ἐν
259 1438 354 1498 ὥρᾳ
384 1444 662 1496 παραγένοιτο
690 1441 866 1491 ἕκαστος
895 1440 1106 1491 καθιστὰς
1135 1442 1256 1499 αὐτῷ
1271 1444 1314 1491 ἐς
1339 1443 1498 1497 μάχην.
1529 1442 1657 1484 ἐλαύ-

183 1524 266 1551 νων
297 1511 344 1551 δὲ
373 1508 499 1551 παντὶ
526 1509 585 1566 τῷ
615 1511 786 1567 στρατῷ
813 1508 916 1564 πρός
943 1524 1056 1558 τινος
1083 1512 1160 1565 τῆς
1190 1513 1371 1559 Μυσίας
1401 1510 1539 1551 αὐτοῦ
1567 1507 1657 1563 χιό-

126 1577 262 1631 ἳθρας
301 1574 405 1618 και-οὶ
450 1573 528 1630 τὴν
570 1578 820 1631 Τριβαλλῶν
862 1571 1006 1618 αὐτῶν
1043 1576 1195 1631 χώραν
1235 1574 1346 1631 (ἔστι
1387 1578 1434 1618 δὲ
1480 1573 1590 1632 αὕτη
1631 1575 1658 1629 ἧ

188 1641 325 1700 χώρα,
352 1644 453 1699 παρ’
483 1639 535 1699 ἢν
567 1643 737 1698 α’μείβει
770 1643 986 1698 Μοράβας
1010 1642 1198 1697 ποταμός
1226 1645 1299 1685 κατ’
1323 1642 1490 1686 ἐκδιδοῖ
1513 1645 1556 1694 ἐς
1586 1642 1659 1686 τόν

281 1763 314 1796 1.
339 1761 417 1809 καὶ]
440 1759 517 1801 ὦςὲ
638 1762 693 1795 11.
724 1761 775 1802 ὥς
795 1762 985 1810 Ἰωάννης-Ι
1014 1762 1059 1796 cf.
1085 1763 1254 1796 Hammer
1278 1762 1295 1795 1
1321 1773 1357 1808 p.
1380 1760 1452 1796 659
1478 1762 1501 1795 i.

186 1864 327 1887 murum
356 1852 563 1887 bombardis
584 1853 750 1897 feriebat,
776 1856 927 1902 eiusque
949 1860 1087 1901 partem
1114 1854 1293 1888 destruxit
1317 1854 1519 1887 maximam.
1546 1854 1657 1888 Scen-

187 1901 290 1935 deres
318 1901 419 1944 ignes
445 1902 483 1935 in
505 1907 628 1935 monte
651 1902 746 1943 fecit,
773 1914 908 1949 eosque
935 1903 1021 1943 suis,
1048 1902 1110 1948 qui
1127 1902 1221 1935 intra
1241 1901 1366 1934 urbem
1397 1907 1511 1941 erant,
1537 1908 1658 1935 osten-

187 1948 255 1989 dit,
282 1953 325 1982 ut
341 1949 487 1988 scirent,
515 1947 809 1996 quandocunque
840 1951 1034 1983 necessitas
1060 1949 1284 1994 postularet,
1312 1959 1349 1982 se
1375 1951 1565 1982 affuturum
1592 1961 1659 1982 au-

187 1996 289 2030 xilio.
335 2005 418 2028 enm
447 1995 534 2039 regii
561 1995 710 2041 quidam
736 1997 974 2030 ascenderent
1000 2002 1173 2037 montem,
1198 1996 1398 2030 Scenderes
1428 2008 1489 2030 eos
1519 2008 1659 2042 aggres-

189 2054 251 2077 sus
274 2047 343 2083 est,
369 2042 709 2088 praeliabaturque,
734 2056 844 2090 opera
868 2044 1118 2078 memorabilia
1156 2044 1281 2078 edens.
1329 2055 1409 2077 cum
1435 2050 1555 2078 autem
1584 2044 1659 2088 regi

188 2090 372 2124 videretur
396 2101 539 2123 murum
563 2091 648 2124 satis
691 2101 769 2124 esse
797 2098 946 2126 stratum
963 2117 972 2131 ‚
1004 2092 1180 2125 universis
1203 2092 1318 2138 copiis
1347 2093 1660 2137 oppugnationem

187 2138 332 2184 occipit.
381 2138 563 2183 peregrini
596 2149 640 2172 co
670 2139 743 2173 loci
770 2139 896 2173 urbem
923 2150 1052 2186 capere
1079 2139 1281 2185 parabant,
1310 2139 1373 2172 ubi
1403 2151 1522 2172 murus
1548 2139 1660 2172 disie-

186 2191 268 2220 ctus
291 2189 380 2218 erat.
838 2206 841 2210 -

256 2231 334 2266 Nec
346 2238 468 2266 tamen
482 2243 653 2278 superare
669 2238 867 2280 potuerunt
881 2233 1096 2280 oppidanos,
1112 2233 1175 2280 qui
1189 2239 1332 2279 praeter
1347 2244 1449 2279 spem
1465 2233 1659 2267 fortissime

185 2279 408 2327 pugnabant,
424 2292 503 2314 cum
518 2280 726 2326 desperatio
742 2283 883 2315 animos
901 2282 1056 2315 fecisset.
1076 2281 1211 2314 deinde
1227 2292 1305 2314 cum
1325 2281 1418 2314 fame
1433 2281 1557 2314 urbem
1576 2292 1660 2326 per-

187 2329 332 2362 domare
347 2329 543 2368 statuisset,
569 2327 690 2363 denuo
707 2330 831 2375 copias
847 2329 1033 2362 universas
1050 2334 1176 2363 contra
1194 2328 1316 2362 urbem
1335 2329 1373 2362 in
1391 2329 1505 2361 aciem
1520 2328 1658 2362 eduxit.

186 2376 326 2409 interea
339 2377 490 2409 nuntius
502 2376 604 2410 venit
621 2376 667 2410 ab
689 2376 846 2421 Georgio
865 2377 1109 2411 Triballorum
1126 2376 1228 2417 duce,
1255 2376 1317 2422 qui
1337 2376 1532 2409 nuntiabat
1550 2376 1658 2409 loan-

186 2434 270 2458 nem
280 2421 494 2456 choniatem
510 2425 736 2468 congregatis
750 2424 982 2458 Pannonibus
1008 2425 1173 2469 plurimis
1191 2424 1356 2457 traiicere
1373 2424 1501 2456 Istrum
1517 2429 1552 2456 et
1568 2434 1657 2456 con·

186 2476 241 2506 tra
260 2470 375 2515 ipsum
391 2469 516 2504 hostili
532 2472 652 2505 animo
670 2482 830 2517 pergere.
859 2471 914 2506 his
930 2471 1064 2505 auditis
1081 2474 1265 2505 Amurates
1281 2471 1468 2511 continuo,
1488 2471 1657 2504 omnibus

186 2517 457 2563 impedimentis
481 2523 518 2552 et
539 2519 696 2554 sarcinis,
712 2520 894 2559 collectis,
918 2519 1008 2553 urbe
1029 2531 1136 2566 quam
1165 2518 1358 2552 obsidebat
1381 2518 1560 2563 digressus
1591 2523 1656 2559 est,

189 2565 408 2610 obviamque
433 2564 529 2599 hosti
554 2567 747 2612 processit,
772 2578 842 2613 qua
869 2577 952 2600 eum
977 2572 1167 2601 venturum
1186 2571 1413 2610 cognoverat.
1442 2565 1541 2599 misit
1565 2577 1657 2612 quo-

189 2623 261 2659 que
287 2614 475 2646 Amurates
499 2623 713 2658 praeconem
752 2614 789 2647 in
816 2615 1017 2660 Europam,
1053 2615 1116 2660 qui
1144 2614 1302 2647 ediceret
1326 2618 1366 2646 ut
1394 2611 1503 2646 Turci
1535 2623 1658 2646 omnes

189 2660 237 2693 ad
261 2670 380 2704 regern
405 2661 650 2695 convenirent.
700 2661 764 2707 qui
786 2661 849 2695 ubi
875 2662 1031 2706 primum
1058 2661 1148 2706 regis
1180 2661 1406 2694 voluntatem
1429 2660 1656 2701 intellexere,

189 2708 362 2742 citissime
384 2706 626 2747 advenerunt,
649 2718 729 2742 cum
766 2709 900 2753 singuli
941 2714 1159 2743 conarentur
1200 2708 1238 2740 in
1263 2713 1427 2754 tempore
1453 2707 1590 2748 adesse,
1618 2715 1657 2741 ut

192 2765 259 2800 pro
289 2765 372 2798 rege
397 2759 587 2788 certarent.
613 2753 699 2789 hinc
721 2766 801 2789 cum
818 2757 986 2790 universo
1011 2756 1172 2788 exercitu
1197 2754 1381 2800 profectus
1399 2756 1511 2789 estin
1539 2766 1656 2801 quan-

195 2801 275 2835 dam
305 2802 443 2846 Mysiae
471 2802 674 2847 regionem,
710 2813 775 2849 per
800 2803 981 2848 regionem
1015 2802 1271 2836 Triballorum.
1334 2813 1376 2836 ea
1410 2809 1529 2838 autem
1560 2803 1658 2848 regio
