1800 3172
258 202 347 251 134
579 210 792 251 LAONlcl
835 212 1339 255 CHALCOCONDYLAE

363 304 455 346 Καὶ
482 305 576 357 περὶ
601 308 678 356 μὲν
707 306 860 349 τούτων
879 308 1008 366 ταύτῃ
1039 308 1108 351 ἐπὶ
1133 313 1328 352 τοσοῦτον
1356 311 1562 367 εἰρήσθω·
1591 317 1683 355 Πο-

255 370 370 410 λάι·οι
406 371 452 410 δὲ
481 369 644 422 ἔχονται
673 373 926 427 Σαρματῶν,
955 373 1026 414 καί
1051 376 1103 430 τῇ
1133 378 1251 431 φωνῇ
1275 373 1428 418 τούτων
1454 379 1682 430 νομίζουσι,
1703 387 1713 406 ‘

253 435 324 476 καί
350 432 472 488 ἤθεσι
501 436 547 476 δὲ
589 436 661 476 καί
698 437 832 492 διαίτῃ
871 439 923 492 τῇ
947 438 1166 489 Ῥωμαίων
1195 441 1475 498 παραπλησίᾳ.
1532 442 1678 483 Held-

253 516 333 541 νων
361 501 406 541 δὲ
435 498 598 551 ἔχονται
628 502 856 541 Λιτουάνοι
883 500 953 542 ἐπὶ
981 498 1174 551 Εὔξεινον
1201 503 1351 544 πόντον
1377 505 1449 546 καὶ
1469 506 1539 546 ἐπὶ
1567 508 1679 560 Σαρ-

251 566 404 615 ματιάν
446 561 704 617 καθήκοντες.
771 568 843 606 καί
879 560 994 607 οὗτοι
1033 569 1110 617 μὲν
1151 568 1175 622 ἧ
1229 569 1407 619 μέλαινα
1434 571 1714 623 Πογδανήι,5

253 629 277 682 ἦ
309 631 354 669 έν
381 629 430 684 τῇ
460 631 774 684 Λευκοπολίχνῃ
815 633 1047 687 καλουμένῃ
1086 630 1136 672 τὰ
1165 635 1356 684 βασίλεια
1387 630 1567 688 ἔχουσα,
1595 634 1678 674 α’πό

251 695 401 736 Δακῶν
427 696 510 734 τῶν
537 691 649 746 παρὰ
692 693 763 734 τὸν
794 689 953 746 Ἴστρον
990 694 1060 736 έπί
1085 697 1332 737 Λιτουάνων
1358 699 1431 738 καί
1458 699 1681 751 Σαρμάτας

215 758 397 813 Βδιήκει.
454 761 569 811 γένος
610 759 656 799 δέ
681 759 769 799 ἐστι
799 762 917 800 τοῦτο
949 760 1139 812 δόκιμον,
1179 755 1205 816 ᾗ
1236 756 1287 802 ἄν
1317 777 1380 810 τις
1407 764 1679 815 τεκμαίροιτο,

249 822 320 878 τήν
345 839 388 864 τε
427 821 570 878 φωνήν
605 822 679 875 τήν
706 822 834 876 αὐτὴν
861 821 1044 878 ἱέμενον,
1087 827 1158 865 καί
1199 824 1281 866 a‘no'
1312 829 1494 868 παλαιοῦ
1523 827 1680 879 διεσχι-

250 891 400 939 σμένον
433 890 530 942 διχῇ
557 885 600 927 τὸ
632 887 745 939 γένος
775 890 817 934 ές
842 891 1091 940 τυραννίδας
1118 889 1190 930 καί
1214 889 1432 943 ἡγεμονίας
1461 889 1535 932 δύο
1562 895 1674 932 κατέ·
1694 898 1735 931 10

251 969 335 1006 στη.
392 950 652 1000 Λιτουάνους
693 953 739 992 δὲ
775 948 867 993 οὔτε
897 954 1138 1007 Σαρμάταις
1174 954 1278 995 εἰσίν
1306 954 1556 1008 ὄμόγλωττοι
1583 952 1681 996 οὔτε

251 1018 449 1068 Παίοσιν,
480 1013 573 1057 οὔτε
600 1015 682 1069 μὴν
702 1018 944 1068 Γερμανοῖς,
977 1017 1025 1058 οὗ
1052 1016 1134 1071 μὴν
1163 1019 1262 1059 οὐδὲ
1280 1021 1422 1070 Δαξίν,
1449 1020 1535 1075 ἰδίᾳ
1563 1021 1610 1060 δὲ
1635 1017 1680 1060 τὸ
1735 1027 1748 1035 ‘

250 1081 444 1134 παράπαν
491 1083 704 1132 νομίζουσι
742 1083 872 1138 φωνῇ.
935 1081 1022 1123 ἔστι
1062 1084 1107 1124 δὲ
1148 1083 1288 1132 αὐτοῖς
1326 1086 1520 1136 βασίλεια
1563 1082 1682 1131 πόλις

249 1145 403 1200 μεγάλη
442 1161 485 1186 τε
533 1148 604 1186 καί
654 1146 980 1200 πολυάνθρωπος
1024 1146 1097 1188 καί
1148 1147 1371 1199 εὐδαίμων,
1447 1147 1520 1189 καί
1570 1149 1688 1189 δοκεῖ

250 1213 372 1251 τοῦτο
420 1210 464 1251 τὸ
508 1213 621 1263 γένος
658 1206 770 1251 εἶναι’
805 1226 850 1251 τε
892 1213 998 1264 μέγα
1040 1213 1123 1252 τῶν
1171 1212 1284 1266 ἀμφί
1321 1212 1442 1265 τήνδε
1482 1211 1556 1266 τὴν
1590 1209 1737 1264 χαί-15

251 1291 329 1329 ραν
360 1277 493 1316 ἐθνῶν
531 1277 602 1315 καὶ
637 1274 951 1330 ἀνδρειότατον,
986 1277 1058 1316 καί
1095 1274 1197 1328 πρός
1227 1291 1271 1317 τε
1311 1276 1407 1325 τούς
1436 1278 1680 1330 Προυσίους

251 1341 322 1379 καί
348 1337 590 1392 Γερμανούς
619 1338 691 1379 καί
708 1337 926 1388 Πολοὶνους
959 1341 1236 1391 διαπολεμοῦν
1264 1343 1363 1393 περί
1386 1355 1430 1381 τε
1461 1337 1570 1395 ὅρων
1597 1341 1681 1382 τῶν

210 1405 294 1452 (ζὲς
319 1403 394 1456 τήν
420 1403 574 1455 χώραν.
636 1402 722 1444 ἔστι
750 1405 795 1443 δὲ
814 1407 885 1444 καί
911 1405 1029 1445 τοῦτο
1057 1402 1102 1444 τὸ
1132 1407 1245 1457 γένος
1273 1404 1377 1457 πρὸς
1398 1403 1447 1446 τά
1478 1407 1560 1445 τῶν
1574 1405 1680 1446 Ῥω..

249 1468 386 1521 μαίων
415 1467 492 1522 ἔθη
516 1468 586 1509 καί
612 1469 778 1509 δίαιταν
815 1471 1111 1521 τετραμμένον,
1142 1472 1270 1524 σκευῇ
1299 1471 1345 1510 δὲ
1371 1471 1424 1524 τῇ
1451 1469 1681 1522 Σαρματῶν

249 1535 520 1589 παραπλησίᾳ
549 1535 804 1587 χρωμένους,
835 1534 907 1573 καί
934 1533 985 1588 τῇ
1012 1537 1186 1590 μελαίνῃ
1200 1535 1422 1589 Πογδανίᾳ
1448 1531 1600 1588 ὅμορος
1627 1531 1676 1574 τοὶ
1691 1543 1736 1578 20

250 1596 380 1638 πολλοὶ
413 1594 518 1638 οὖσα
544 1597 646 1650 πρὸς
674 1596 844 1644 τούτους
877 1598 1136 1650 ἀγωνίζεται.

362 1662 576 1716 Σαρμάται
599 1663 644 1703 δὲ
674 1664 792 1719 φωνῇ
820 1664 1075 1715 διαχρῶνται
1103 1664 1370 1719 παραπλησίᾳ
1398 1663 1449 1718 τῇ
1472 1663 1682 1717 Ἰλλυριῶν

342 1794 437 1826 Haec
471 1794 615 1838 quidem
652 1795 833 1827 hactenus.
893 1795 1016 1827 Poloni
1041 1794 1251 1827 contermini
1279 1799 1361 1826 sunt
1387 1793 1563 1833 Sarmatis,
1588 1804 1683 1838 quo—

257 1851 330 1872 rum
357 1846 392 1872 et
418 1841 571 1883 linguam
602 1841 639 1873 in
666 1852 731 1873 usu
754 1841 899 1873 habent.
947 1842 1057 1873 victus
1092 1841 1227 1872 ratione
1254 1840 1480 1885 moribusque
1507 1839 1600 1871 nihil
1625 1838 1681 1871 di-

257 1891 419 1930 screpant
455 1887 497 1918 ab
526 1887 699 1919 nonnanis.
762 1887 904 1919 Polonis
940 1886 1067 1918 annexi
1092 1891 1174 1919 sunt
1202 1885 1353 1926 Lituani,
1381 1887 1443 1930 qui
1469 1890 1504 1918 et
1529 1885 1596 1929 ipsi
1626 1896 1682 1917 us-

257 1943 326 1975 que
352 1931 397 1964 ad
419 1932 592 1964 Euxinum
621 1938 767 1976 pontum
797 1933 1074 1977 Sarmatiamque
1097 1933 1312 1976 pertingunt.
1361 1937 1398 1963 et
1424 1931 1567 1976 quidem
1594 1931 1682 1973 Pog-

258 1977 363 2009 dania
391 1979 500 2020 nigra,
525 1990 614 2022 quae
642 1980 738 2022 regni
767 1978 884 2011 sedem
909 1977 1018 2011 habet
1043 1977 1372 2022 Leucopolichuam‚
1399 1978 1534 2009 anneis
1558 1978 1683 2009 Istrum

260 2024 499 2056 incolentibus
524 2024 567 2055 ad
593 2025 761 2057 Lituanos
787 2030 822 2056 et
847 2025 1020 2056 Sarmatas
1046 2035 1082 2056 se
1101 2025 1251 2068 proiicit.
1278 2029 1415 2067 gentem
1440 2028 1556 2055 autem
1581 2023 1683 2055 istam

260 2071 344 2102 satis
371 2081 444 2102 esse
470 2070 651 2115 probatam
679 2071 735 2102 vel
762 2069 846 2102 hinc
870 2071 948 2115 quis
974 2070 1148 2108 coniiciat,
1174 2069 1269 2114 quod
1295 2070 1450 2112 linguam
1474 2079 1570 2100 suam
1597 2069 1683 2100 reti-

260 2126 380 2148 nuere.
442 2117 509 2148 iam
547 2117 629 2148 olim
657 2127 696 2147 ea
731 2127 813 2159 gens
841 2117 878 2148 in
911 2117 996 2148 duas
1032 2122 1146 2159 partes
1182 2116 1310 2154 divisa,
1345 2115 1469 2158 partim
1497 2113 1638 2158 quidem
1663 2124 1683 2145 a

261 2161 476 2206 principibus
521 2163 646 2206 partim
680 2173 763 2194 vero
797 2173 815 2193 a
853 2161 1000 2194 ducibus
1034 2163 1176 2204 regitur.
1226 2161 1403 2199 Lituanis‚
1442 2165 1612 2204 quantum
1639 2159 1683 2192 ad

263 2210 415 2251 linguam
452 2209 604 2247 attinet,
630 2207 722 2239 nihil
751 2209 917 2240 convenit
951 2219 1026 2239 cum
1064 2208 1252 2246 sarmatis,
1289 2217 1364 2238 cum
1390 2207 1582 2246 Pannonis,
1607 2215 1686 2238 cum

264 2254 449 2286 Germanis
474 2260 534 2287 aut
557 2265 633 2286 cum
653 2254 774 2285 Dacis:
801 2264 879 2285 nam
905 2254 1004 2298 qnasi
1025 2253 1233 2298 peculiarem
1258 2252 1399 2295 linguae
1423 2262 1523 2284 usum
1549 2257 1685 2284 tenent.

265 2301 345 2332 urbs
371 2310 475 2344 qnam
512 2301 608 2343 regni
635 2299 754 2332 sedem
777 2300 1055 2339 constituerunt,
1090 2309 1212 2342 magna
1239 2303 1274 2330 et
1300 2298 1469 2342 opulenta
1494 2297 1688 2342 populosa·

265 2357 335 2391 que
361 2351 424 2378 est.
482 2351 629 2390 apparet
663 2345 766 2377 facile
798 2347 897 2377 istam
925 2351 1064 2388 gentem
1101 2355 1175 2377 esse
1205 2344 1385 2376 maximam
1414 2346 1568 2376 omnium
1595 2353 1686 2388 quae

266 2394 301 2424 in
328 2392 392 2424 hac
423 2393 577 2435 regione
615 2396 807 2424 versantur.
869 2391 1080 2424 fortitudine
1117 2390 1207 2423 nulii
1238 2389 1485 2434 postponenda
1523 2389 1686 2429 creditur,

267 2445 409 2470 strenue
436 2439 611 2482 praelians
634 2438 799 2470 adversus
818 2437 976 2469 Prussios
991 2438 1184 2470 Germanos
1210 2441 1246 2469 et
1271 2437 1434 2474 Polouos,
1459 2440 1580 2478 gentes
1606 2435 1688 2466 fini-

267 2486 379 2522 timas,
404 2489 442 2516 nt
467 2495 546 2517 suos
573 2489 707 2516 tutetur
733 2483 832 2515 fines.
879 2484 1044 2527 vsequitur
1071 2493 1183 2515 mores
1222 2487 1257 2514 et
1280 2482 1394 2514 victus
1420 2481 1591 2514 rationem
1616 2481 1688 2513 Ro-

268 2541 467 2571 mzmorunu
506 2529 764 2574 suppellectilis
799 2535 967 2573 apparatu
1008 2527 1096 2560 nihil
1130 2539 1148 2559 a
1187 2527 1351 2560 Sarmatis
1384 2527 1560 2560 differunt.
1609 2537 1688 2558 cum

269 2581 383 2608 autem
412 2577 484 2608 sere
509 2575 665 2620 undique
690 2576 822 2618 nigram
841 2574 1048 2618 Pogdaniam
1078 2574 1261 2618 attingant,
1288 2574 1496 2619 plerumque
1524 2572 1690 2605 adversus

270 2623 344 2654 eius
372 2623 523 2664 regionis
549 2623 682 2654 incolas
705 2631 838 2666 pugnas
862 2622 953 2654 ciere
977 2621 1105 2653 solent.
1406 2635 1412 2638 -

361 2669 594 2700 Sarmatarum
625 2669 742 2711 lingua
769 2667 893 2699 similis
918 2666 1197 2709 estlllyriorum‚
1229 2666 1363 2698 lonium
1384 2664 1428 2697 ad
1453 2664 1607 2697 Venetos
1635 2674 1692 2696 us-

272 2724 341 2758 que
363 2715 607 2747 accolentium.
658 2714 724 2747 utri
746 2718 860 2746 autem
887 2712 1010 2746 horum
1030 2713 1214 2746 vetustatis
1242 2711 1481 2758 praerogativa
1507 2709 1693 2754 gaudeant,
