<?xml version="1.0" encoding="UTF-8"?>
<!DOCTYPE html PUBLIC "-//W3C//DTD XHTML 1.0 Transitional//EN"
    "http://www.w3.org/TR/xhtml1/DTD/xhtml1-transitional.dtd">
<html xmlns="http://www.w3.org/1999/xhtml" xml:lang="en" lang="en">
 <head>
  <title>
</title>
<meta http-equiv="Content-Type" content="text/html;charset=utf-8" />
  <meta name='ocr-system' content='tesseract 3.04.00' />
  <meta name='ocr-capabilities' content='ocr_page ocr_carea ocr_par ocr_line ocrx_word'/>
</head>
<body>
  <div class='ocr_page' id='page_1' title='image "./corpusscriptorum32niebuoft_0360.png"; bbox 0 0 1774 3204; ppageno 0'>
   <div class='ocr_carea' id='block_1_1' title="bbox 155 177 1230 226">
    <p class='ocr_par' dir='ltr' id='par_1_1' title="bbox 155 177 1230 226">
     <span class='ocr_line' id='line_1_1' title="bbox 155 177 1230 226; baseline -0.007 0"><span class='ocrx_word' id='word_1_1' title='bbox 155 177 250 226; x_wconf 76' lang='lat'>348</span> <span class='ocrx_word' id='word_1_2' title='bbox 470 182 684 223; x_wconf 80' lang='lat' dir='ltr'>LAONlcl</span> <span class='ocrx_word' id='word_1_3' title='bbox 726 180 1230 222; x_wconf 76' lang='lat' dir='ltr'>CHALCOCONDYLAE</span> 
     </span>
    </p>
   </div>
   <div class='ocr_carea' id='block_1_2' title="bbox 23 275 1645 1688">
    <p class='ocr_par' dir='ltr' id='par_1_2' title="bbox 23 275 1645 1688">
     <span class='ocr_line' id='line_1_2' title="bbox 156 275 1578 334; baseline 0.002 -15"><span class='ocrx_word' id='word_1_4' title='bbox 156 280 260 334; x_wconf 77' lang='grc' dir='ltr'><em>ὑπὲρ</em></span> <span class='ocrx_word' id='word_1_5' title='bbox 290 280 363 327; x_wconf 82' lang='grc' dir='ltr'>τὰς</span> <span class='ocrx_word' id='word_1_6' title='bbox 393 282 632 333; x_wconf 81' lang='grc' dir='ltr'><em>Κεγχρέας,</em></span> <span class='ocrx_word' id='word_1_7' title='bbox 663 278 731 328; x_wconf 79' lang='grc' dir='ltr'>ὀξὺ</span> <span class='ocrx_word' id='word_1_8' title='bbox 764 281 809 319; x_wconf 81' lang='grc' dir='ltr'>δὲ</span> <span class='ocrx_word' id='word_1_9' title='bbox 837 279 1104 331; x_wconf 82' lang='grc' dir='ltr'><em>καλούμενον,</em></span> <span class='ocrx_word' id='word_1_10' title='bbox 1141 278 1444 330; x_wconf 78' lang='grc' dir='ltr'><em>κυκλωσάμενοι</em></span> <span class='ocrx_word' id='word_1_11' title='bbox 1470 275 1578 322; x_wconf 81' lang='grc' dir='ltr'><em>εἷλον</em></span> 
     </span>
     <span class='ocr_line' id='line_1_3' title="bbox 157 341 1576 400; baseline -0.001 -14"><span class='ocrx_word' id='word_1_12' title='bbox 157 346 294 400; x_wconf 77' lang='grc' dir='ltr'><em>α’πάτῃ</em></span> <span class='ocrx_word' id='word_1_13' title='bbox 322 343 504 395; x_wconf 82' lang='grc' dir='ltr'><em>πάντας,</em></span> <span class='ocrx_word' id='word_1_14' title='bbox 534 345 592 391; x_wconf 83' lang='grc' dir='ltr'>εἰς</span> <span class='ocrx_word' id='word_1_15' title='bbox 633 346 703 385; x_wconf 76' lang='grc' dir='ltr'>ἕνα</span> <span class='ocrx_word' id='word_1_16' title='bbox 739 345 878 396; x_wconf 68' lang='grc' dir='ltr'><em>χαῖρον</em></span> <span class='ocrx_word' id='word_1_17' title='bbox 909 341 1131 394; x_wconf 78' lang='grc' dir='ltr'><em>α’παγαγών</em></span> <span class='ocrx_word' id='word_1_18' title='bbox 1160 343 1418 397; x_wconf 80' lang='grc' dir='ltr'><em>κατέσφαξε·</em></span> <span class='ocrx_word' id='word_1_19' title='bbox 1471 343 1576 395; x_wconf 71' lang='grc' dir='ltr'><em>μετά</em></span> 
     </span>
     <span class='ocr_line' id='line_1_4' title="bbox 158 404 1579 462; baseline -0.003 -12"><span class='ocrx_word' id='word_1_20' title='bbox 158 413 203 450; x_wconf 79' lang='grc' dir='ltr'>δὲ</span> <span class='ocrx_word' id='word_1_21' title='bbox 234 410 490 462; x_wconf 76' lang='grc' dir='ltr'><em>ω’νησάμενος</em></span> <span class='ocrx_word' id='word_1_22' title='bbox 539 407 782 460; x_wconf 77' lang='grc' dir='ltr'><em>α’νδράποδα</em></span> <span class='ocrx_word' id='word_1_23' title='bbox 836 408 877 454; x_wconf 77' lang='grc' dir='ltr'>ἐς</span> <span class='ocrx_word' id='word_1_24' title='bbox 925 404 1114 456; x_wconf 73' lang='grc' dir='ltr'><em>ἑξακόσια</em></span> <span class='ocrx_word' id='word_1_25' title='bbox 1158 409 1314 447; x_wconf 78' lang='grc' dir='ltr'><em>θυσιάν</em></span> <span class='ocrx_word' id='word_1_26' title='bbox 1353 404 1477 460; x_wconf 79' lang='grc' dir='ltr'><em>ἇνῆγε</em></span> <span class='ocrx_word' id='word_1_27' title='bbox 1521 409 1579 462; x_wconf 71' lang='grc' dir='ltr'>τῷ</span> 
     </span>
     <span class='ocr_line' id='line_1_5' title="bbox 158 470 1578 527; baseline -0.001 -13"><span class='ocrx_word' id='word_1_28' title='bbox 158 474 313 514; x_wconf 68' lang='grc' dir='ltr'><em>ἑαυτοῦ</em></span> <span class='ocrx_word' id='word_1_29' title='bbox 345 475 493 524; x_wconf 72' lang='grc' dir='ltr'><em>πατρί,</em></span> <span class='ocrx_word' id='word_1_30' title='bbox 533 472 810 524; x_wconf 71' lang='grc' dir='ltr'><em>ὲξιλεοὺμενος</em></span> <span class='ocrx_word' id='word_1_31' title='bbox 850 473 906 527; x_wconf 72' lang='grc' dir='ltr'>τῷ</span> <span class='ocrx_word' id='word_1_32' title='bbox 945 470 1057 526; x_wconf 79' lang='grc' dir='ltr'><em>φόνῳ</em></span> <span class='ocrx_word' id='word_1_33' title='bbox 1094 473 1174 511; x_wconf 76' lang='grc' dir='ltr'><em>τῶν</em></span> <span class='ocrx_word' id='word_1_34' title='bbox 1215 472 1376 522; x_wconf 79' lang='grc' dir='ltr'><em>α’νδρῶν</em></span> <span class='ocrx_word' id='word_1_35' title='bbox 1411 472 1578 513; x_wconf 79' lang='grc' dir='ltr'><em>τούτων.</em></span> 
     </span>
     <span class='ocr_line' id='line_1_6' title="bbox 157 534 1614 588; baseline -0.002 -10"><span class='ocrx_word' id='word_1_36' title='bbox 157 540 347 578; x_wconf 72' lang='grc' dir='ltr'><em>ἐντεῦθεν</em></span> <span class='ocrx_word' id='word_1_37' title='bbox 376 538 421 577; x_wconf 83' lang='grc' dir='ltr'>δὲ</span> <span class='ocrx_word' id='word_1_38' title='bbox 466 536 768 587; x_wconf 82' lang='grc' dir='ltr'><em>ε’πιδιελόμενος</em></span> <span class='ocrx_word' id='word_1_39' title='bbox 811 535 857 577; x_wconf 79' lang='grc' dir='ltr'>τό</span> <span class='ocrx_word' id='word_1_40' title='bbox 889 536 1138 588; x_wconf 75' lang='grc' dir='ltr'><em>στράτευμα,</em></span> <span class='ocrx_word' id='word_1_41' title='bbox 1166 537 1237 576; x_wconf 75' lang='grc' dir='ltr'>καί</span> <span class='ocrx_word' id='word_1_42' title='bbox 1266 534 1311 574; x_wconf 88' lang='grc' dir='ltr'>τὸ</span> <span class='ocrx_word' id='word_1_43' title='bbox 1340 536 1418 586; x_wconf 82' lang='grc' dir='ltr'><em>μὲν</em></span> <span class='ocrx_word' id='word_1_44' title='bbox 1443 549 1614 588; x_wconf 81' lang='grc' dir='ltr'><em>παρα-5</em></span> 
     </span>
     <span class='ocr_line' id='line_1_7' title="bbox 121 594 1583 657; baseline -0.002 -15"><span class='ocrx_word' id='word_1_45' title='bbox 121 601 256 649; x_wconf 79' lang='grc' dir='ltr'><em>Βὸόὐς</em></span> <span class='ocrx_word' id='word_1_46' title='bbox 293 600 540 657; x_wconf 78' lang='grc' dir='ltr'><em>Τουραχοένῃ</em></span> <span class='ocrx_word' id='word_1_47' title='bbox 571 601 627 657; x_wconf 72' lang='grc' dir='ltr'>τῷ</span> <span class='ocrx_word' id='word_1_48' title='bbox 661 601 884 647; x_wconf 72' lang='grc' dir='ltr'><em>Θετταλίας</em></span> <span class='ocrx_word' id='word_1_49' title='bbox 927 597 1103 655; x_wconf 72' lang='grc' dir='ltr'><em>ὑπάρχῳ</em></span> <span class='ocrx_word' id='word_1_50' title='bbox 1134 598 1189 647; x_wconf 78' lang='grc' dir='ltr'>ὥς</span> <span class='ocrx_word' id='word_1_51' title='bbox 1218 599 1399 655; x_wconf 77' lang='grc' dir='ltr'><strong><em>ἐμπείρῳ</em></strong></span> <span class='ocrx_word' id='word_1_52' title='bbox 1428 613 1471 640; x_wconf 79' lang='grc' dir='ltr'>τε</span> <span class='ocrx_word' id='word_1_53' title='bbox 1499 594 1583 639; x_wconf 77' lang='grc' dir='ltr'><em>ὅντι</em></span> 
     </span>
     <span class='ocr_line' id='line_1_8' title="bbox 158 662 1584 720; baseline -0.002 -14"><span class='ocrx_word' id='word_1_54' title='bbox 158 666 228 706; x_wconf 78' lang='grc' dir='ltr'>καὶ</span> <span class='ocrx_word' id='word_1_55' title='bbox 245 667 426 717; x_wconf 80' lang='grc' dir='ltr'><em>μάλιστα</em></span> <span class='ocrx_word' id='word_1_56' title='bbox 454 665 502 718; x_wconf 71' lang='grc' dir='ltr'>δὴ</span> <span class='ocrx_word' id='word_1_57' title='bbox 537 666 730 718; x_wconf 78' lang='grc' dir='ltr'><em>Τούρκων</em></span> <span class='ocrx_word' id='word_1_58' title='bbox 759 663 980 718; x_wconf 75' lang='grc' dir='ltr'><em>ὦμιληκότι</em></span> <span class='ocrx_word' id='word_1_59' title='bbox 1000 666 1051 720; x_wconf 84' lang='grc' dir='ltr'>τῇ</span> <span class='ocrx_word' id='word_1_60' title='bbox 1073 665 1389 719; x_wconf 75' lang='grc' dir='ltr'><em>Πελοποννήσῳ,</em></span> <span class='ocrx_word' id='word_1_61' title='bbox 1408 662 1479 703; x_wconf 80' lang='grc' dir='ltr'>καί</span> <span class='ocrx_word' id='word_1_62' title='bbox 1504 664 1584 703; x_wconf 78' lang='grc' dir='ltr'><em>τῶν</em></span> 
     </span>
     <span class='ocr_line' id='line_1_9' title="bbox 156 726 1584 785; baseline -0.004 -13"><span class='ocrx_word' id='word_1_63' title='bbox 156 727 366 784; x_wconf 75' lang='grc' dir='ltr'><em>νεηλύδων</em></span> <span class='ocrx_word' id='word_1_64' title='bbox 395 731 508 785; x_wconf 71' lang='grc' dir='ltr'>ἀμφὶ</span> <span class='ocrx_word' id='word_1_65' title='bbox 536 729 633 777; x_wconf 75' lang='grc' dir='ltr'>τούς</span> <span class='ocrx_word' id='word_1_66' title='bbox 659 732 833 782; x_wconf 78' lang='grc' dir='ltr'><em>χιλίους,</em></span> <span class='ocrx_word' id='word_1_67' title='bbox 864 729 919 777; x_wconf 73' lang='grc' dir='ltr'>ὥς</span> <span class='ocrx_word' id='word_1_68' title='bbox 950 727 1018 769; x_wconf 74' lang='grc' dir='ltr'>διὰ</span> <span class='ocrx_word' id='word_1_69' title='bbox 1045 727 1119 781; x_wconf 62' lang='grc' dir='ltr'><em>τὴν</em></span> <span class='ocrx_word' id='word_1_70' title='bbox 1145 726 1366 780; x_wconf 80' lang='grc' dir='ltr'><em>μεσόγαιον</em></span> <span class='ocrx_word' id='word_1_71' title='bbox 1384 728 1584 778; x_wconf 79' lang='grc' dir='ltr'><em>ἐλαύνειν,</em></span> 
     </span>
     <span class='ocr_line' id='line_1_10' title="bbox 157 790 1585 848; baseline -0.004 -12"><span class='ocrx_word' id='word_1_72' title='bbox 157 795 285 843; x_wconf 68' lang='grc' dir='ltr'><em>αὐτὸς</em></span> <span class='ocrx_word' id='word_1_73' title='bbox 310 797 355 836; x_wconf 81' lang='grc' dir='ltr'>δὲ</span> <span class='ocrx_word' id='word_1_74' title='bbox 385 794 452 835; x_wconf 79' lang='grc' dir='ltr'>διὰ</span> <span class='ocrx_word' id='word_1_75' title='bbox 473 797 546 848; x_wconf 80' lang='grc' dir='ltr'>τῆς</span> <span class='ocrx_word' id='word_1_76' title='bbox 565 796 769 841; x_wconf 74' lang='grc' dir='ltr'><em>Σικυῶνος</em></span> <span class='ocrx_word' id='word_1_77' title='bbox 798 790 972 847; x_wconf 72' lang='grc' dir='ltr'><em>ἤλαυνεν</em></span> <span class='ocrx_word' id='word_1_78' title='bbox 1004 793 1110 834; x_wconf 64' lang='grc' dir='ltr'>εὐθὺ</span> <span class='ocrx_word' id='word_1_79' title='bbox 1141 794 1210 847; x_wconf 76' lang='grc' dir='ltr'>τῆς</span> <span class='ocrx_word' id='word_1_80' title='bbox 1235 793 1425 844; x_wconf 82' lang='grc' dir='ltr'><em>Ἀχαΐας.</em></span> <span class='ocrx_word' id='word_1_81' title='bbox 1482 791 1585 845; x_wconf 76' lang='grc' dir='ltr'><em>ἄφι-</em></span> 
     </span>
     <span class='ocr_line' id='line_1_11' title="bbox 157 852 1640 914; baseline 0 -14"><span class='ocrx_word' id='word_1_82' title='bbox 157 859 325 911; x_wconf 85' lang='grc' dir='ltr'><em>κόμενος</em></span> <span class='ocrx_word' id='word_1_83' title='bbox 364 861 409 900; x_wconf 80' lang='grc' dir='ltr'>δὲ</span> <span class='ocrx_word' id='word_1_84' title='bbox 448 861 489 907; x_wconf 86' lang='grc' dir='ltr'>ἐς</span> <span class='ocrx_word' id='word_1_85' title='bbox 532 861 743 911; x_wconf 78' lang='grc' dir='ltr'><em>Σικυῶνα,</em></span> <span class='ocrx_word' id='word_1_86' title='bbox 770 859 844 912; x_wconf 71' lang='grc' dir='ltr'><em>τὴν</em></span> <span class='ocrx_word' id='word_1_87' title='bbox 869 861 945 910; x_wconf 83' lang='grc' dir='ltr'><em>μὲν</em></span> <span class='ocrx_word' id='word_1_88' title='bbox 973 859 1110 909; x_wconf 86' lang='grc' dir='ltr'><em>πόλιν,</em></span> <span class='ocrx_word' id='word_1_89' title='bbox 1139 852 1230 913; x_wconf 83' lang='grc' dir='ltr'>ἐνῇ</span> <span class='ocrx_word' id='word_1_90' title='bbox 1262 857 1393 914; x_wconf 73' lang='grc' dir='ltr'><em>ἡμέρα</em></span> <span class='ocrx_word' id='word_1_91' title='bbox 1421 856 1442 897; x_wconf 83' lang='grc' dir='ltr'><em>ὃ</em></span> <span class='ocrx_word' id='word_1_92' title='bbox 1470 857 1584 898; x_wconf 72' lang='grc' dir='ltr'><em>Ἰσθ-</em></span> <span class='ocrx_word' id='word_1_93' title='bbox 1598 867 1640 901; x_wconf 82' lang='grc'>10</span> 
     </span>
     <span class='ocr_line' id='line_1_12' title="bbox 157 921 1584 978; baseline -0.004 -13"><span class='ocrx_word' id='word_1_94' title='bbox 157 925 235 975; x_wconf 83' lang='grc' dir='ltr'>μός</span> <span class='ocrx_word' id='word_1_95' title='bbox 263 921 384 975; x_wconf 72' lang='grc' dir='ltr'><em>ἑάλω,</em></span> <span class='ocrx_word' id='word_1_96' title='bbox 412 925 620 978; x_wconf 82' lang='grc' dir='ltr'><em>ἐπέδραμέ</em></span> <span class='ocrx_word' id='word_1_97' title='bbox 650 939 694 964; x_wconf 88' lang='grc' dir='ltr'>τε</span> <span class='ocrx_word' id='word_1_98' title='bbox 737 921 757 964; x_wconf 80' lang='grc' dir='ltr'><em>ὃ</em></span> <span class='ocrx_word' id='word_1_99' title='bbox 785 923 959 976; x_wconf 86' lang='grc' dir='ltr'><em>στρατὸς</em></span> <span class='ocrx_word' id='word_1_100' title='bbox 985 925 1060 963; x_wconf 81' lang='grc' dir='ltr'>τοῦ</span> <span class='ocrx_word' id='word_1_101' title='bbox 1085 925 1298 975; x_wconf 80' lang='grc' dir='ltr'><em>βασιλέως,</em></span> <span class='ocrx_word' id='word_1_102' title='bbox 1333 924 1402 962; x_wconf 83' lang='grc' dir='ltr'><em>καί</em></span> <span class='ocrx_word' id='word_1_103' title='bbox 1430 923 1584 974; x_wconf 82' lang='grc' dir='ltr'><em>ἠνδρα-</em></span> 
     </span>
     <span class='ocr_line' id='line_1_13' title="bbox 157 982 1583 1042; baseline -0.003 -13"><span class='ocrx_word' id='word_1_104' title='bbox 157 988 353 1030; x_wconf 84' lang='grc' dir='ltr'><em>ποδίσατο</em></span> <span class='ocrx_word' id='word_1_105' title='bbox 382 988 606 1040; x_wconf 83' lang='grc' dir='ltr'>σύμπασαν</span> <span class='ocrx_word' id='word_1_106' title='bbox 650 985 782 1042; x_wconf 74' lang='grc' dir='ltr'><em>ἄρδην</em></span> <span class='ocrx_word' id='word_1_107' title='bbox 823 987 896 1040; x_wconf 74' lang='grc' dir='ltr'><em>τήν</em></span> <span class='ocrx_word' id='word_1_108' title='bbox 925 987 1053 1028; x_wconf 85' lang='grc' dir='ltr'><em>πόλιν,</em></span> <span class='ocrx_word' id='word_1_109' title='bbox 1119 987 1305 1027; x_wconf 78' lang='grc' dir='ltr'><em>ἀπόντων</em></span> <span class='ocrx_word' id='word_1_110' title='bbox 1332 988 1377 1027; x_wconf 81' lang='grc' dir='ltr'>δὲ</span> <span class='ocrx_word' id='word_1_111' title='bbox 1407 987 1489 1026; x_wconf 77' lang='grc' dir='ltr'><em>τῶν</em></span> <span class='ocrx_word' id='word_1_112' title='bbox 1513 982 1583 1025; x_wconf 80' lang='grc' dir='ltr'><em>οἷν-</em></span> 
     </span>
     <span class='ocr_line' id='line_1_14' title="bbox 159 1048 1585 1107; baseline -0.002 -14"><span class='ocrx_word' id='word_1_113' title='bbox 159 1054 270 1106; x_wconf 81' lang='grc' dir='ltr'><em>δρῶν</em></span> <span class='ocrx_word' id='word_1_114' title='bbox 300 1054 342 1102; x_wconf 78' lang='grc' dir='ltr'>ἐς</span> <span class='ocrx_word' id='word_1_115' title='bbox 375 1053 446 1094; x_wconf 80' lang='grc' dir='ltr'><em>τὸν</em></span> <span class='ocrx_word' id='word_1_116' title='bbox 475 1053 671 1105; x_wconf 76' lang='grc' dir='ltr'><em>Ἰσθμόν,</em></span> <span class='ocrx_word' id='word_1_117' title='bbox 701 1054 772 1093; x_wconf 84' lang='grc' dir='ltr'><em>καί</em></span> <span class='ocrx_word' id='word_1_118' title='bbox 799 1053 897 1093; x_wconf 77' lang='grc' dir='ltr'><em>οὐδὲ</em></span> <span class='ocrx_word' id='word_1_119' title='bbox 928 1054 970 1092; x_wconf 80' lang='grc' dir='ltr'><em>ὲν</em></span> <span class='ocrx_word' id='word_1_120' title='bbox 1011 1053 1152 1107; x_wconf 74' lang='grc' dir='ltr'><em>ὀχυρῷ</em></span> <span class='ocrx_word' id='word_1_121' title='bbox 1181 1051 1386 1106; x_wconf 71' lang='grc' dir='ltr'><em>ᾤκημένης</em></span> <span class='ocrx_word' id='word_1_122' title='bbox 1413 1052 1486 1104; x_wconf 81' lang='grc' dir='ltr'>τῆς</span> <span class='ocrx_word' id='word_1_123' title='bbox 1507 1048 1585 1090; x_wconf 81' lang='grc' dir='ltr'><em>πό-</em></span> 
     </span>
     <span class='ocr_line' id='line_1_15' title="bbox 159 1114 1585 1172; baseline -0.003 -15"><span class='ocrx_word' id='word_1_124' title='bbox 159 1122 273 1172; x_wconf 74' lang='grc' dir='ltr'><em>λεως,</em></span> <span class='ocrx_word' id='word_1_125' title='bbox 302 1117 454 1171; x_wconf 72' lang='grc' dir='ltr'><em>ταύτην</em></span> <span class='ocrx_word' id='word_1_126' title='bbox 480 1119 556 1168; x_wconf 82' lang='grc' dir='ltr'><em>μὲν</em></span> <span class='ocrx_word' id='word_1_127' title='bbox 587 1117 718 1165; x_wconf 65' lang='grc' dir='ltr'><em>εὐθὺς</em></span> <span class='ocrx_word' id='word_1_128' title='bbox 754 1118 841 1158; x_wconf 86' lang='grc' dir='ltr'><em>τότε</em></span> <span class='ocrx_word' id='word_1_129' title='bbox 883 1118 1247 1170; x_wconf 75' lang='grc' dir='ltr'><em>ἠνδραποδίσαντο,</em></span> <span class='ocrx_word' id='word_1_130' title='bbox 1275 1118 1347 1156; x_wconf 80' lang='grc' dir='ltr'>καί</span> <span class='ocrx_word' id='word_1_131' title='bbox 1373 1114 1444 1156; x_wconf 75' lang='grc' dir='ltr'>ἐπὶ</span> <span class='ocrx_word' id='word_1_132' title='bbox 1470 1118 1585 1155; x_wconf 78' lang='grc' dir='ltr'><em>πλεῖ·-</em></span> 
     </span>
     <span class='ocr_line' id='line_1_16' title="bbox 159 1178 1643 1236; baseline -0.001 -14"><span class='ocrx_word' id='word_1_133' title='bbox 159 1198 252 1222; x_wconf 82' lang='grc' dir='ltr'><em>σιον</em></span> <span class='ocrx_word' id='word_1_134' title='bbox 282 1179 441 1236; x_wconf 78' lang='grc' dir='ltr'><em>ἤλασαν</em></span> <span class='ocrx_word' id='word_1_135' title='bbox 477 1185 550 1234; x_wconf 86' lang='grc' dir='ltr'>τῆς</span> <span class='ocrx_word' id='word_1_136' title='bbox 578 1182 919 1235; x_wconf 82' lang='grc' dir='ltr'><em>Πελοποννήσου,</em></span> <span class='ocrx_word' id='word_1_137' title='bbox 950 1179 1043 1228; x_wconf 81' lang='grc' dir='ltr'><em>τούς</em></span> <span class='ocrx_word' id='word_1_138' title='bbox 1071 1196 1115 1221; x_wconf 88' lang='grc' dir='ltr'>τε</span> <span class='ocrx_word' id='word_1_139' title='bbox 1144 1178 1345 1233; x_wconf 82' lang='grc' dir='ltr'><em>ἧγεμόνας</em></span> <span class='ocrx_word' id='word_1_140' title='bbox 1375 1179 1586 1227; x_wconf 80' lang='grc' dir='ltr'><em>διώκοντες</em></span> <span class='ocrx_word' id='word_1_141' title='bbox 1601 1188 1643 1220; x_wconf 85' lang='lat'>15</span> 
     </span>
     <span class='ocr_line' id='line_1_17' title="bbox 120 1241 1589 1301; baseline -0.001 -15"><span class='ocrx_word' id='word_1_142' title='bbox 120 1245 233 1286; x_wconf 77' lang='grc' dir='ltr'>Οκαί</span> <span class='ocrx_word' id='word_1_143' title='bbox 256 1245 353 1294; x_wconf 77' lang='grc' dir='ltr'>τούς</span> <span class='ocrx_word' id='word_1_144' title='bbox 382 1243 532 1294; x_wconf 75' lang='grc' dir='ltr'><em>ἄλλους</em></span> <span class='ocrx_word' id='word_1_145' title='bbox 553 1243 761 1299; x_wconf 83' lang='grc' dir='ltr'><em>Ἓλληνας,</em></span> <span class='ocrx_word' id='word_1_146' title='bbox 794 1247 850 1294; x_wconf 76' lang='grc' dir='ltr'>ὥς</span> <span class='ocrx_word' id='word_1_147' title='bbox 880 1241 1001 1294; x_wconf 75' lang='grc' dir='ltr'><em>ἄλλος</em></span> <span class='ocrx_word' id='word_1_148' title='bbox 1028 1241 1128 1301; x_wconf 75' lang='grc' dir='ltr'><em>ἄλλῃ</em></span> <span class='ocrx_word' id='word_1_149' title='bbox 1157 1241 1283 1300; x_wconf 74' lang='grc' dir='ltr'><em>ᾤχετο</em></span> <span class='ocrx_word' id='word_1_150' title='bbox 1313 1244 1489 1299; x_wconf 79' lang='grc' dir='ltr'><em>φεύγων.</em></span> <span class='ocrx_word' id='word_1_151' title='bbox 1515 1242 1589 1296; x_wconf 72' lang='grc' dir='ltr'><em>τήν</em></span> 
     </span>
     <span class='ocr_line' id='line_1_18' title="bbox 23 1306 1586 1364; baseline -0.002 -14"><span class='ocrx_word' id='word_1_152' title='bbox 23 1314 148 1350; x_wconf 81' lang='lat' dir='ltr'>v.144</span> <span class='ocrx_word' id='word_1_153' title='bbox 162 1313 239 1363; x_wconf 84' lang='grc' dir='ltr'><em>μὲν</em></span> <span class='ocrx_word' id='word_1_154' title='bbox 267 1310 387 1351; x_wconf 84' lang='grc' dir='ltr'><em>πόλιν</em></span> <span class='ocrx_word' id='word_1_155' title='bbox 430 1311 545 1364; x_wconf 69' lang='grc' dir='ltr'><em>κενήν</em></span> <span class='ocrx_word' id='word_1_156' title='bbox 574 1326 616 1352; x_wconf 90' lang='grc' dir='ltr'>τε</span> <span class='ocrx_word' id='word_1_157' title='bbox 643 1314 854 1363; x_wconf 82' lang='grc' dir='ltr'><em>κατέλαβε,</em></span> <span class='ocrx_word' id='word_1_158' title='bbox 885 1312 956 1350; x_wconf 82' lang='grc' dir='ltr'>καί</span> <span class='ocrx_word' id='word_1_159' title='bbox 983 1309 1059 1363; x_wconf 76' lang='grc' dir='ltr'><em>τήν</em></span> <span class='ocrx_word' id='word_1_160' title='bbox 1090 1307 1313 1363; x_wconf 84' lang='grc' dir='ltr'><em>α’κρόπολιν</em></span> <span class='ocrx_word' id='word_1_161' title='bbox 1343 1306 1586 1362; x_wconf 75' lang='grc' dir='ltr'><em>ἐπολιόρκει.</em></span> 
     </span>
     <span class='ocr_line' id='line_1_19' title="bbox 159 1368 1589 1428; baseline -0.003 -12"><span class='ocrx_word' id='word_1_162' title='bbox 159 1377 308 1428; x_wconf 82' lang='grc' dir='ltr'><em>ἐνῆσαν</em></span> <span class='ocrx_word' id='word_1_163' title='bbox 336 1377 374 1416; x_wconf 83' lang='grc' dir='ltr'>δ’</span> <span class='ocrx_word' id='word_1_164' title='bbox 404 1376 547 1416; x_wconf 68' lang='grc' dir='ltr'><em>αὐτόθι</em></span> <span class='ocrx_word' id='word_1_165' title='bbox 580 1376 845 1428; x_wconf 69' lang='grc' dir='ltr'><em>ΙΙΊουλγέριός</em></span> <span class='ocrx_word' id='word_1_166' title='bbox 874 1391 916 1415; x_wconf 87' lang='grc' dir='ltr'>τε</span> <span class='ocrx_word' id='word_1_167' title='bbox 935 1372 1080 1428; x_wconf 81' lang='grc' dir='ltr'><em>Ἕλλην</em></span> <span class='ocrx_word' id='word_1_168' title='bbox 1122 1373 1193 1414; x_wconf 81' lang='grc' dir='ltr'>καί</span> <span class='ocrx_word' id='word_1_169' title='bbox 1229 1368 1348 1414; x_wconf 67' lang='grc' dir='ltr'><em>ἄλλοι</em></span> <span class='ocrx_word' id='word_1_170' title='bbox 1386 1376 1476 1424; x_wconf 87' lang='grc' dir='ltr'><em>μετ’</em></span> <span class='ocrx_word' id='word_1_171' title='bbox 1506 1373 1589 1414; x_wconf 78' lang='lat' dir='ltr'><em>av·-</em></span> 
     </span>
     <span class='ocr_line' id='line_1_20' title="bbox 162 1436 1589 1492; baseline -0.002 -12"><span class='ocrx_word' id='word_1_172' title='bbox 162 1442 236 1480; x_wconf 88' lang='grc' dir='ltr'>τοῦ</span> <span class='ocrx_word' id='word_1_173' title='bbox 266 1443 371 1488; x_wconf 83' lang='grc' dir='ltr'><em>τινὲς</em></span> <span class='ocrx_word' id='word_1_174' title='bbox 393 1439 594 1492; x_wconf 81' lang='grc' dir='ltr'><em>Ἑλλήνων</em></span> <span class='ocrx_word' id='word_1_175' title='bbox 637 1441 688 1479; x_wconf 83' lang='grc' dir='ltr'>ου’</span> <span class='ocrx_word' id='word_1_176' title='bbox 716 1442 861 1479; x_wconf 79' lang='grc' dir='ltr'><em>πολλοί</em></span> <span class='ocrx_word' id='word_1_177' title='bbox 891 1438 969 1480; x_wconf 73' lang='grc' dir='ltr'><em>σῦν</em></span> <span class='ocrx_word' id='word_1_178' title='bbox 1010 1440 1176 1491; x_wconf 80' lang='grc' dir='ltr'><em>γυναιξί</em></span> <span class='ocrx_word' id='word_1_179' title='bbox 1197 1453 1239 1479; x_wconf 83' lang='grc' dir='ltr'>τε</span> <span class='ocrx_word' id='word_1_180' title='bbox 1277 1437 1363 1489; x_wconf 78' lang='grc' dir='ltr'>ἅμα</span> <span class='ocrx_word' id='word_1_181' title='bbox 1396 1436 1468 1477; x_wconf 71' lang='grc' dir='ltr'>καὶ</span> <span class='ocrx_word' id='word_1_182' title='bbox 1493 1453 1589 1478; x_wconf 85' lang='grc' dir='ltr'><em>παι-</em></span> 
     </span>
     <span class='ocr_line' id='line_1_21' title="bbox 159 1501 1645 1558; baseline -0.005 -12"><span class='ocrx_word' id='word_1_183' title='bbox 159 1506 240 1546; x_wconf 73' lang='grc' dir='ltr'><em>σίν.</em></span> <span class='ocrx_word' id='word_1_184' title='bbox 298 1505 390 1546; x_wconf 74' lang='grc' dir='ltr'><em>ἐπεὶ</em></span> <span class='ocrx_word' id='word_1_185' title='bbox 421 1506 457 1545; x_wconf 83' lang='grc' dir='ltr'>δ’</span> <span class='ocrx_word' id='word_1_186' title='bbox 485 1503 694 1558; x_wconf 73' lang='grc' dir='ltr'><em>ὑπορύξας</em></span> <span class='ocrx_word' id='word_1_187' title='bbox 722 1503 808 1544; x_wconf 73' lang='grc' dir='ltr'><em>ἔθει</em></span> <span class='ocrx_word' id='word_1_188' title='bbox 834 1504 908 1557; x_wconf 74' lang='grc' dir='ltr'><em>τὴν</em></span> <span class='ocrx_word' id='word_1_189' title='bbox 938 1503 1172 1555; x_wconf 75' lang='grc' dir='ltr'><em>ἀκρόπολιν,</em></span> <span class='ocrx_word' id='word_1_190' title='bbox 1205 1505 1385 1543; x_wconf 79' lang='grc' dir='ltr'><em>ἐνταῦθα</em></span> <span class='ocrx_word' id='word_1_191' title='bbox 1414 1503 1455 1549; x_wconf 80' lang='grc' dir='ltr'>ἐς</span> <span class='ocrx_word' id='word_1_192' title='bbox 1485 1501 1584 1552; x_wconf 82' lang='grc' dir='ltr'><em>ὄμο-</em></span> <span class='ocrx_word' id='word_1_193' title='bbox 1599 1506 1645 1540; x_wconf 80' lang='lat'>20</span> 
     </span>
     <span class='ocr_line' id='line_1_22' title="bbox 161 1568 1589 1624; baseline -0.003 -14"><span class='ocrx_word' id='word_1_194' title='bbox 161 1571 302 1621; x_wconf 69' lang='grc' dir='ltr'><em>λογίαν</em></span> <span class='ocrx_word' id='word_1_195' title='bbox 340 1568 591 1624; x_wconf 75' lang='grc' dir='ltr'><em>ἀφικόμενος</em></span> <span class='ocrx_word' id='word_1_196' title='bbox 629 1569 650 1609; x_wconf 78' lang='grc' dir='ltr'>ὅ</span> <span class='ocrx_word' id='word_1_197' title='bbox 693 1572 764 1622; x_wconf 84' lang='grc' dir='ltr'>τῆς</span> <span class='ocrx_word' id='word_1_198' title='bbox 809 1568 1068 1623; x_wconf 73' lang='grc' dir='ltr'><em>ἀκροπόλεως</em></span> <span class='ocrx_word' id='word_1_199' title='bbox 1115 1568 1250 1623; x_wconf 81' lang='grc' dir='ltr'><em>φύλαξ</em></span> <span class='ocrx_word' id='word_1_200' title='bbox 1290 1568 1503 1619; x_wconf 79' lang='grc' dir='ltr'><em>παρέδωκέ</em></span> <span class='ocrx_word' id='word_1_201' title='bbox 1543 1581 1589 1607; x_wconf 86' lang='grc' dir='ltr'>τε</span> 
     </span>
     <span class='ocr_line' id='line_1_23' title="bbox 162 1624 1590 1688; baseline -0.001 -14"><span class='ocrx_word' id='word_1_202' title='bbox 162 1633 289 1675; x_wconf 77' lang='grc' dir='ltr'><em>αὑτὸν</em></span> <span class='ocrx_word' id='word_1_203' title='bbox 316 1635 388 1675; x_wconf 82' lang='grc' dir='ltr'>καί</span> <span class='ocrx_word' id='word_1_204' title='bbox 413 1634 487 1688; x_wconf 68' lang='grc' dir='ltr'><em>τὴν</em></span> <span class='ocrx_word' id='word_1_205' title='bbox 517 1630 662 1688; x_wconf 73' lang='grc' dir='ltr'><em>ἄκραν.</em></span> <span class='ocrx_word' id='word_1_206' title='bbox 692 1633 861 1682; x_wconf 83' lang='grc' dir='ltr'><em>τούτους</em></span> <span class='ocrx_word' id='word_1_207' title='bbox 886 1636 962 1686; x_wconf 83' lang='grc' dir='ltr'><em>μὲν</em></span> <span class='ocrx_word' id='word_1_208' title='bbox 997 1633 1046 1687; x_wconf 68' lang='grc' dir='ltr'>δὴ</span> <span class='ocrx_word' id='word_1_209' title='bbox 1074 1634 1146 1674; x_wconf 76' lang='grc' dir='ltr'>καί</span> <span class='ocrx_word' id='word_1_210' title='bbox 1166 1638 1364 1686; x_wconf 84' lang='grc' dir='ltr'><em>γυναῖκας</em></span> <span class='ocrx_word' id='word_1_211' title='bbox 1391 1624 1590 1673; x_wconf 41' lang='grc' dir='ltr'><em>καί-παῖ’·-</em></span> 
     </span>
    </p>
   </div>
   <div class='ocr_carea' id='block_1_3' title="bbox 161 1809 1609 2727">
    <p class='ocr_par' dir='ltr' id='par_1_3' title="bbox 161 1809 1609 2727">
     <span class='ocr_line' id='line_1_24' title="bbox 161 1809 1586 1856; baseline -0.001 -13"><span class='ocrx_word' id='word_1_212' title='bbox 161 1823 264 1856; x_wconf 76' lang='lat' dir='ltr'>supra</span> <span class='ocrx_word' id='word_1_213' title='bbox 294 1811 490 1844; x_wconf 80' lang='lat' dir='ltr'>Cenchreas</span> <span class='ocrx_word' id='word_1_214' title='bbox 518 1812 644 1851; x_wconf 84' lang='lat' dir='ltr'>sitnm,</span> <span class='ocrx_word' id='word_1_215' title='bbox 676 1823 779 1856; x_wconf 83' lang='lat' dir='ltr'>quem</span> <span class='ocrx_word' id='word_1_216' title='bbox 805 1812 871 1844; x_wconf 80' lang='lat' dir='ltr'>Oxi</span> <span class='ocrx_word' id='word_1_217' title='bbox 895 1816 1034 1851; x_wconf 82' lang='lat' dir='ltr'>vocant,</span> <span class='ocrx_word' id='word_1_218' title='bbox 1059 1817 1259 1851; x_wconf 79' lang='lat' dir='ltr'>evaserant,</span> <span class='ocrx_word' id='word_1_219' title='bbox 1285 1810 1386 1855; x_wconf 80' lang='lat' dir='ltr'><strong>quasi</strong></span> <span class='ocrx_word' id='word_1_220' title='bbox 1422 1809 1586 1855; x_wconf 75' lang='lat' dir='ltr'>indagine</span> 
     </span>
     <span class='ocr_line' id='line_1_25' title="bbox 161 1855 1587 1907; baseline -0.001 -17"><span class='ocrx_word' id='word_1_221' title='bbox 161 1858 368 1890; x_wconf 86' lang='lat' dir='ltr'>circumdari</span> <span class='ocrx_word' id='word_1_222' title='bbox 394 1859 504 1890; x_wconf 86' lang='lat' dir='ltr'>iussit.</span> <span class='ocrx_word' id='word_1_223' title='bbox 554 1869 673 1907; x_wconf 66' lang='lat' dir='ltr'>omnes</span> <span class='ocrx_word' id='word_1_224' title='bbox 699 1859 790 1902; x_wconf 82' lang='lat' dir='ltr'>capti</span> <span class='ocrx_word' id='word_1_225' title='bbox 818 1863 919 1898; x_wconf 76' lang='lat' dir='ltr'>suut3</span> <span class='ocrx_word' id='word_1_226' title='bbox 948 1858 1103 1902; x_wconf 86' lang='lat' dir='ltr'>doloque</span> <span class='ocrx_word' id='word_1_227' title='bbox 1133 1859 1170 1890; x_wconf 92' lang='lat' dir='ltr'>in</span> <span class='ocrx_word' id='word_1_228' title='bbox 1196 1868 1305 1889; x_wconf 88' lang='lat' dir='ltr'>unum</span> <span class='ocrx_word' id='word_1_229' title='bbox 1330 1858 1444 1890; x_wconf 88' lang='lat' dir='ltr'>locum</span> <span class='ocrx_word' id='word_1_230' title='bbox 1474 1855 1587 1890; x_wconf 82' lang='lat' dir='ltr'>abdu-</span> 
     </span>
     <span class='ocr_line' id='line_1_26' title="bbox 163 1903 1586 1948; baseline -0.001 -12"><span class='ocrx_word' id='word_1_231' title='bbox 163 1904 234 1943; x_wconf 90' lang='lat' dir='ltr'>cti,</span> <span class='ocrx_word' id='word_1_232' title='bbox 273 1903 463 1936; x_wconf 82' lang='lat' dir='ltr'>crudeliter</span> <span class='ocrx_word' id='word_1_233' title='bbox 500 1904 605 1936; x_wconf 86' lang='lat' dir='ltr'>occisi</span> <span class='ocrx_word' id='word_1_234' title='bbox 641 1909 731 1937; x_wconf 84' lang='lat' dir='ltr'>sunt.</span> <span class='ocrx_word' id='word_1_235' title='bbox 802 1910 923 1948; x_wconf 80' lang='lat' dir='ltr'>postea</span> <span class='ocrx_word' id='word_1_236' title='bbox 964 1905 1142 1935; x_wconf 82' lang='lat' dir='ltr'>Amurates</span> <span class='ocrx_word' id='word_1_237' title='bbox 1182 1904 1267 1936; x_wconf 85' lang='lat' dir='ltr'>emit</span> <span class='ocrx_word' id='word_1_238' title='bbox 1305 1903 1477 1947; x_wconf 79' lang='lat' dir='ltr'>mancipia</span> <span class='ocrx_word' id='word_1_239' title='bbox 1518 1915 1586 1936; x_wconf 89' lang='lat' dir='ltr'>nu-</span> 
     </span>
     <span class='ocr_line' id='line_1_27' title="bbox 165 1949 1587 1993; baseline -0.001 -11"><span class='ocrx_word' id='word_1_240' title='bbox 165 1961 260 1982; x_wconf 85' lang='lat' dir='ltr'>mero</span> <span class='ocrx_word' id='word_1_241' title='bbox 299 1956 485 1988; x_wconf 78' lang='lat' dir='ltr'>sexcenta,</span> <span class='ocrx_word' id='word_1_242' title='bbox 524 1960 614 1993; x_wconf 80' lang='lat' dir='ltr'>quae</span> <span class='ocrx_word' id='word_1_243' title='bbox 652 1950 696 1981; x_wconf 82' lang='lat' dir='ltr'>ad</span> <span class='ocrx_word' id='word_1_244' title='bbox 732 1950 936 1982; x_wconf 79' lang='lat' dir='ltr'>sacrificium</span> <span class='ocrx_word' id='word_1_245' title='bbox 974 1950 1075 1982; x_wconf 76' lang='lat' dir='ltr'>duxit</span> <span class='ocrx_word' id='word_1_246' title='bbox 1099 1951 1134 1981; x_wconf 91' lang='lat' dir='ltr'>in</span> <span class='ocrx_word' id='word_1_247' title='bbox 1170 1949 1340 1982; x_wconf 83' lang='lat' dir='ltr'>honorem</span> <span class='ocrx_word' id='word_1_248' title='bbox 1374 1952 1483 1993; x_wconf 85' lang='lat' dir='ltr'>patris</span> <span class='ocrx_word' id='word_1_249' title='bbox 1520 1950 1587 1989; x_wconf 85' lang='lat' dir='ltr'>sui,</span> 
     </span>
     <span class='ocr_line' id='line_1_28' title="bbox 163 1995 1588 2039; baseline -0.001 -11"><span class='ocrx_word' id='word_1_250' title='bbox 163 1997 286 2028; x_wconf 77' lang='lat' dir='ltr'>volens</span> <span class='ocrx_word' id='word_1_251' title='bbox 321 2007 397 2027; x_wconf 87' lang='lat' dir='ltr'>eum</span> <span class='ocrx_word' id='word_1_252' title='bbox 430 1996 571 2039; x_wconf 85' lang='lat' dir='ltr'>expiare</span> <span class='ocrx_word' id='word_1_253' title='bbox 604 1995 710 2027; x_wconf 81' lang='lat' dir='ltr'>caede</span> <span class='ocrx_word' id='word_1_254' title='bbox 743 1996 895 2028; x_wconf 88' lang='lat' dir='ltr'>virorum</span> <span class='ocrx_word' id='word_1_255' title='bbox 927 1996 1128 2028; x_wconf 83' lang='lat' dir='ltr'>occisorum.</span> <span class='ocrx_word' id='word_1_256' title='bbox 1193 1995 1246 2027; x_wconf 87' lang='lat' dir='ltr'>bis</span> <span class='ocrx_word' id='word_1_257' title='bbox 1270 1997 1317 2027; x_wconf 83' lang='lat' dir='ltr'>ita</span> <span class='ocrx_word' id='word_1_258' title='bbox 1347 1995 1494 2038; x_wconf 77' lang='lat' dir='ltr'>peractis</span> <span class='ocrx_word' id='word_1_259' title='bbox 1523 2006 1588 2027; x_wconf 84' lang='lat' dir='ltr'>ex-</span> 
     </span>
     <span class='ocr_line' id='line_1_29' title="bbox 165 2041 1586 2085; baseline -0.001 -11"><span class='ocrx_word' id='word_1_260' title='bbox 165 2042 313 2074; x_wconf 83' lang='lat' dir='ltr'>ercitum</span> <span class='ocrx_word' id='word_1_261' title='bbox 351 2041 480 2074; x_wconf 85' lang='lat' dir='ltr'>divisit.</span> <span class='ocrx_word' id='word_1_262' title='bbox 553 2047 685 2085; x_wconf 79' lang='lat' dir='ltr'>partein</span> <span class='ocrx_word' id='word_1_263' title='bbox 722 2042 893 2074; x_wconf 85' lang='lat' dir='ltr'>exercitus</span> <span class='ocrx_word' id='word_1_264' title='bbox 930 2041 1130 2074; x_wconf 77' lang='lat' dir='ltr'>&#39;furachani</span> <span class='ocrx_word' id='word_1_265' title='bbox 1167 2042 1371 2074; x_wconf 81' lang='lat' dir='ltr'>Thessaliae</span> <span class='ocrx_word' id='word_1_266' title='bbox 1406 2041 1586 2084; x_wconf 67' lang='lat' dir='ltr'>praefecto</span> 
     </span>
     <span class='ocr_line' id='line_1_30' title="bbox 164 2087 1585 2132; baseline -0.002 -12"><span class='ocrx_word' id='word_1_267' title='bbox 164 2087 332 2128; x_wconf 78' lang='lat' dir='ltr'><strong>tradidit,</strong></span> <span class='ocrx_word' id='word_1_268' title='bbox 371 2089 431 2132; x_wconf 84' lang='lat' dir='ltr'>qui</span> <span class='ocrx_word' id='word_1_269' title='bbox 468 2087 515 2118; x_wconf 88' lang='lat' dir='ltr'>rei</span> <span class='ocrx_word' id='word_1_270' title='bbox 543 2088 703 2119; x_wconf 82' lang='lat' dir='ltr'>militaris</span> <span class='ocrx_word' id='word_1_271' title='bbox 743 2087 939 2119; x_wconf 78' lang='lat' dir='ltr'>habebatur</span> <span class='ocrx_word' id='word_1_272' title='bbox 966 2088 1198 2132; x_wconf 82' lang='lat' dir='ltr'>peritissimus</span> <span class='ocrx_word' id='word_1_273' title='bbox 1224 2092 1259 2119; x_wconf 83' lang='lat' dir='ltr'>et</span> <span class='ocrx_word' id='word_1_274' title='bbox 1287 2087 1475 2130; x_wconf 86' lang='lat' dir='ltr'>plurimum</span> <span class='ocrx_word' id='word_1_275' title='bbox 1500 2098 1585 2118; x_wconf 90' lang='lat' dir='ltr'>con-</span> 
     </span>
     <span class='ocr_line' id='line_1_31' title="bbox 163 2132 1586 2176; baseline -0.001 -11"><span class='ocrx_word' id='word_1_276' title='bbox 163 2139 318 2166; x_wconf 75' lang='lat' dir='ltr'>versatus</span> <span class='ocrx_word' id='word_1_277' title='bbox 347 2139 421 2166; x_wconf 84' lang='lat' dir='ltr'>erat</span> <span class='ocrx_word' id='word_1_278' title='bbox 451 2144 527 2164; x_wconf 83' lang='lat' dir='ltr'>cnm</span> <span class='ocrx_word' id='word_1_279' title='bbox 553 2134 674 2164; x_wconf 84' lang='lat' dir='ltr'>Turcis</span> <span class='ocrx_word' id='word_1_280' title='bbox 711 2133 959 2176; x_wconf 82' lang='lat' dir='ltr'>Peloponnesi.</span> <span class='ocrx_word' id='word_1_281' title='bbox 1010 2132 1108 2165; x_wconf 81' lang='lat' dir='ltr'><strong>dedit</strong></span> <span class='ocrx_word' id='word_1_282' title='bbox 1133 2133 1246 2165; x_wconf 82' lang='lat' dir='ltr'>eidem</span> <span class='ocrx_word' id='word_1_283' title='bbox 1272 2134 1315 2164; x_wconf 87' lang='lat' dir='ltr'>de</span> <span class='ocrx_word' id='word_1_284' title='bbox 1344 2142 1489 2164; x_wconf 86' lang='lat' dir='ltr'>numero</span> <span class='ocrx_word' id='word_1_285' title='bbox 1525 2143 1586 2175; x_wconf 86' lang='lat' dir='ltr'>pe-</span> 
     </span>
     <span class='ocr_line' id='line_1_32' title="bbox 165 2178 1587 2223; baseline -0.001 -12"><span class='ocrx_word' id='word_1_286' title='bbox 165 2180 379 2223; x_wconf 83' lang='lat' dir='ltr'>regrinorum</span> <span class='ocrx_word' id='word_1_287' title='bbox 421 2179 518 2211; x_wconf 85' lang='lat' dir='ltr'>mille</span> <span class='ocrx_word' id='word_1_288' title='bbox 557 2179 709 2218; x_wconf 80' lang='lat' dir='ltr'><strong>milites,</strong></span> <span class='ocrx_word' id='word_1_289' title='bbox 749 2184 788 2211; x_wconf 86' lang='lat' dir='ltr'>ut</span> <span class='ocrx_word' id='word_1_290' title='bbox 821 2179 874 2211; x_wconf 85' lang='lat' dir='ltr'>his</span> <span class='ocrx_word' id='word_1_291' title='bbox 907 2180 1096 2211; x_wconf 85' lang='lat' dir='ltr'>instructus</span> <span class='ocrx_word' id='word_1_292' title='bbox 1131 2178 1386 2222; x_wconf 80' lang='lat' dir='ltr'>profectionem</span> <span class='ocrx_word' id='word_1_293' title='bbox 1420 2188 1482 2220; x_wconf 85' lang='lat' dir='ltr'>per</span> <span class='ocrx_word' id='word_1_294' title='bbox 1515 2189 1587 2210; x_wconf 86' lang='lat' dir='ltr'>me·</span> 
     </span>
     <span class='ocr_line' id='line_1_33' title="bbox 164 2224 1588 2268; baseline -0.001 -11"><span class='ocrx_word' id='word_1_295' title='bbox 164 2225 397 2258; x_wconf 79' lang='lat' dir='ltr'>diterranearn</span> <span class='ocrx_word' id='word_1_296' title='bbox 436 2225 613 2268; x_wconf 81' lang='lat' dir='ltr'>regionem</span> <span class='ocrx_word' id='word_1_297' title='bbox 647 2225 788 2256; x_wconf 78' lang='lat' dir='ltr'>faceret.</span> <span class='ocrx_word' id='word_1_298' title='bbox 844 2226 918 2268; x_wconf 86' lang='lat' dir='ltr'>ipse</span> <span class='ocrx_word' id='word_1_299' title='bbox 957 2224 1099 2268; x_wconf 88' lang='lat' dir='ltr'>quidem</span> <span class='ocrx_word' id='word_1_300' title='bbox 1129 2235 1186 2256; x_wconf 82' lang='lat' dir='ltr'>rex</span> <span class='ocrx_word' id='word_1_301' title='bbox 1222 2235 1285 2268; x_wconf 81' lang='lat' dir='ltr'>per</span> <span class='ocrx_word' id='word_1_302' title='bbox 1309 2224 1493 2265; x_wconf 85' lang='lat' dir='ltr'>Sicyonem</span> <span class='ocrx_word' id='word_1_303' title='bbox 1521 2225 1588 2256; x_wconf 85' lang='lat' dir='ltr'>iter</span> 
     </span>
     <span class='ocr_line' id='line_1_34' title="bbox 164 2269 1588 2314; baseline -0.001 -11"><span class='ocrx_word' id='word_1_304' title='bbox 164 2272 298 2303; x_wconf 77' lang='lat' dir='ltr'>faciens</span> <span class='ocrx_word' id='word_1_305' title='bbox 335 2276 427 2303; x_wconf 79' lang='lat' dir='ltr'>recta</span> <span class='ocrx_word' id='word_1_306' title='bbox 464 2271 500 2302; x_wconf 85' lang='lat' dir='ltr'>in</span> <span class='ocrx_word' id='word_1_307' title='bbox 543 2270 703 2302; x_wconf 77' lang='lat' dir='ltr'>Achaiam</span> <span class='ocrx_word' id='word_1_308' title='bbox 742 2270 935 2302; x_wconf 84' lang='lat' dir='ltr'>contendit.</span> <span class='ocrx_word' id='word_1_309' title='bbox 1001 2270 1121 2302; x_wconf 86' lang='lat' dir='ltr'>urbem</span> <span class='ocrx_word' id='word_1_310' title='bbox 1151 2281 1191 2301; x_wconf 72' lang='lat' dir='ltr'>eo</span> <span class='ocrx_word' id='word_1_311' title='bbox 1232 2270 1309 2308; x_wconf 88' lang='lat' dir='ltr'>die,</span> <span class='ocrx_word' id='word_1_312' title='bbox 1335 2280 1405 2314; x_wconf 91' lang='lat' dir='ltr'>quo</span> <span class='ocrx_word' id='word_1_313' title='bbox 1436 2269 1588 2301; x_wconf 85' lang='lat' dir='ltr'><strong>Isthmus</strong></span> 
     </span>
     <span class='ocr_line' id='line_1_35' title="bbox 164 2315 1590 2361; baseline -0.002 -11"><span class='ocrx_word' id='word_1_314' title='bbox 164 2318 200 2349; x_wconf 87' lang='lat' dir='ltr'>in</span> <span class='ocrx_word' id='word_1_315' title='bbox 230 2322 439 2361; x_wconf 82' lang='lat' dir='ltr'>potestatem</span> <span class='ocrx_word' id='word_1_316' title='bbox 464 2317 582 2356; x_wconf 86' lang='lat' dir='ltr'>veuit,</span> <span class='ocrx_word' id='word_1_317' title='bbox 612 2317 723 2358; x_wconf 80' lang='lat' dir='ltr'>regius</span> <span class='ocrx_word' id='word_1_318' title='bbox 755 2316 926 2348; x_wconf 72' lang='lat' dir='ltr'>exercitus</span> <span class='ocrx_word' id='word_1_319' title='bbox 962 2327 1139 2358; x_wconf 80' lang='lat' dir='ltr'>aggressus</span> <span class='ocrx_word' id='word_1_320' title='bbox 1165 2321 1236 2357; x_wconf 77' lang='lat' dir='ltr'>est3</span> <span class='ocrx_word' id='word_1_321' title='bbox 1263 2321 1470 2359; x_wconf 77' lang='lat' dir='ltr'>captamque</span> <span class='ocrx_word' id='word_1_322' title='bbox 1499 2315 1590 2348; x_wconf 82' lang='lat' dir='ltr'>diri-</span> 
     </span>
     <span class='ocr_line' id='line_1_36' title="bbox 163 2361 1589 2408; baseline -0.001 -14"><span class='ocrx_word' id='word_1_323' title='bbox 163 2364 243 2408; x_wconf 84' lang='lat' dir='ltr'>puit</span> <span class='ocrx_word' id='word_1_324' title='bbox 267 2364 474 2396; x_wconf 84' lang='lat' dir='ltr'>universam.</span> <span class='ocrx_word' id='word_1_325' title='bbox 533 2362 681 2394; x_wconf 78' lang='lat' dir='ltr'>aberant</span> <span class='ocrx_word' id='word_1_326' title='bbox 714 2363 804 2394; x_wconf 84' lang='lat' dir='ltr'>enim</span> <span class='ocrx_word' id='word_1_327' title='bbox 846 2361 1034 2405; x_wconf 82' lang='lat' dir='ltr'>oppidani,</span> <span class='ocrx_word' id='word_1_328' title='bbox 1058 2361 1209 2406; x_wconf 84' lang='lat' dir='ltr'>profecti</span> <span class='ocrx_word' id='word_1_329' title='bbox 1240 2362 1276 2393; x_wconf 88' lang='lat' dir='ltr'>in</span> <span class='ocrx_word' id='word_1_330' title='bbox 1297 2361 1478 2393; x_wconf 76' lang='lat' dir='ltr'><strong>Isthmum.</strong></span> <span class='ocrx_word' id='word_1_331' title='bbox 1523 2371 1589 2393; x_wconf 86' lang='lat' dir='ltr'>nec</span> 
     </span>
     <span class='ocr_line' id='line_1_37' title="bbox 164 2407 1587 2451; baseline -0.001 -11"><span class='ocrx_word' id='word_1_332' title='bbox 164 2409 353 2441; x_wconf 85' lang='lat' dir='ltr'>admodum</span> <span class='ocrx_word' id='word_1_333' title='bbox 380 2410 416 2440; x_wconf 90' lang='lat' dir='ltr'>in</span> <span class='ocrx_word' id='word_1_334' title='bbox 443 2409 580 2441; x_wconf 87' lang='lat' dir='ltr'>munito</span> <span class='ocrx_word' id='word_1_335' title='bbox 606 2408 683 2440; x_wconf 90' lang='lat' dir='ltr'>loco</span> <span class='ocrx_word' id='word_1_336' title='bbox 720 2407 802 2439; x_wconf 90' lang='lat' dir='ltr'>urbs</span> <span class='ocrx_word' id='word_1_337' title='bbox 828 2408 893 2439; x_wconf 85' lang='lat' dir='ltr'>sita</span> <span class='ocrx_word' id='word_1_338' title='bbox 933 2413 1017 2440; x_wconf 82' lang='lat' dir='ltr'>erat.</span> <span class='ocrx_word' id='word_1_339' title='bbox 1074 2413 1291 2451; x_wconf 81' lang='lat' dir='ltr'>quapropter</span> <span class='ocrx_word' id='word_1_340' title='bbox 1317 2418 1392 2439; x_wconf 87' lang='lat' dir='ltr'>eam</span> <span class='ocrx_word' id='word_1_341' title='bbox 1418 2407 1587 2439; x_wconf 81' lang='lat' dir='ltr'>continuo</span> 
     </span>
     <span class='ocr_line' id='line_1_38' title="bbox 163 2453 1590 2498; baseline -0.001 -12"><span class='ocrx_word' id='word_1_342' title='bbox 163 2454 360 2497; x_wconf 80' lang='lat' dir='ltr'>diripuere:</span> <span class='ocrx_word' id='word_1_343' title='bbox 386 2459 422 2487; x_wconf 81' lang='lat' dir='ltr'>et</span> <span class='ocrx_word' id='word_1_344' title='bbox 439 2455 620 2486; x_wconf 77' lang='lat' dir='ltr'>maximam</span> <span class='ocrx_word' id='word_1_345' title='bbox 636 2454 866 2498; x_wconf 79' lang='lat' dir='ltr'>Peloponnesi</span> <span class='ocrx_word' id='word_1_346' title='bbox 892 2459 1026 2497; x_wconf 86' lang='lat' dir='ltr'>partem</span> <span class='ocrx_word' id='word_1_347' title='bbox 1042 2458 1279 2496; x_wconf 77' lang='lat' dir='ltr'>peragrantes,</span> <span class='ocrx_word' id='word_1_348' title='bbox 1307 2453 1483 2497; x_wconf 81' lang='lat' dir='ltr'>persecuti</span> <span class='ocrx_word' id='word_1_349' title='bbox 1508 2457 1590 2485; x_wconf 82' lang='lat' dir='ltr'>sunt</span> 
     </span>
     <span class='ocr_line' id='line_1_39' title="bbox 164 2497 1587 2545; baseline -0.001 -13"><span class='ocrx_word' id='word_1_350' title='bbox 164 2501 262 2532; x_wconf 83' lang='lat' dir='ltr'>bello</span> <span class='ocrx_word' id='word_1_351' title='bbox 288 2501 392 2533; x_wconf 85' lang='lat' dir='ltr'>duces</span> <span class='ocrx_word' id='word_1_352' title='bbox 418 2505 453 2532; x_wconf 88' lang='lat' dir='ltr'>et</span> <span class='ocrx_word' id='word_1_353' title='bbox 481 2501 635 2545; x_wconf 82' lang='lat' dir='ltr'>reliquos</span> <span class='ocrx_word' id='word_1_354' title='bbox 662 2499 823 2532; x_wconf 82' lang='lat' dir='ltr'>Graecos.</span> <span class='ocrx_word' id='word_1_355' title='bbox 875 2509 951 2530; x_wconf 88' lang='lat' dir='ltr'>cum</span> <span class='ocrx_word' id='word_1_356' title='bbox 979 2505 1093 2531; x_wconf 84' lang='lat' dir='ltr'>autem</span> <span class='ocrx_word' id='word_1_357' title='bbox 1121 2499 1275 2532; x_wconf 84' lang='lat' dir='ltr'>hostiurn</span> <span class='ocrx_word' id='word_1_358' title='bbox 1303 2499 1391 2531; x_wconf 83' lang='lat' dir='ltr'>alius</span> <span class='ocrx_word' id='word_1_359' title='bbox 1417 2499 1501 2538; x_wconf 83' lang='lat' dir='ltr'>alio,</span> <span class='ocrx_word' id='word_1_360' title='bbox 1525 2497 1587 2530; x_wconf 85' lang='lat' dir='ltr'>ubi</span> 
     </span>
     <span class='ocr_line' id='line_1_40' title="bbox 167 2544 1609 2591; baseline -0.003 -13"><span class='ocrx_word' id='word_1_361' title='bbox 167 2557 202 2578; x_wconf 76' lang='lat' dir='ltr'>se</span> <span class='ocrx_word' id='word_1_362' title='bbox 229 2552 340 2579; x_wconf 83' lang='lat' dir='ltr'>tutum</span> <span class='ocrx_word' id='word_1_363' title='bbox 366 2546 526 2591; x_wconf 72' lang='lat' dir='ltr'>putabat,</span> <span class='ocrx_word' id='word_1_364' title='bbox 553 2547 711 2590; x_wconf 82' lang='lat' dir='ltr'>palantes</span> <span class='ocrx_word' id='word_1_365' title='bbox 740 2545 993 2584; x_wconf 78' lang='lat' dir='ltr'>dilaberentur,</span> <span class='ocrx_word' id='word_1_366' title='bbox 1022 2544 1144 2576; x_wconf 87' lang='lat' dir='ltr'>urbem</span> <span class='ocrx_word' id='word_1_367' title='bbox 1174 2544 1420 2577; x_wconf 85' lang='lat' dir='ltr'>defensoribus</span> <span class='ocrx_word' id='word_1_368' title='bbox 1445 2554 1609 2576; x_wconf 76' lang='lat' dir='ltr'>vacuum.</span> 
     </span>
     <span class='ocr_line' id='line_1_41' title="bbox 167 2589 1588 2637; baseline -0.003 -13"><span class='ocrx_word' id='word_1_369' title='bbox 167 2593 205 2624; x_wconf 89' lang='lat' dir='ltr'>in</span> <span class='ocrx_word' id='word_1_370' title='bbox 231 2598 440 2637; x_wconf 82' lang='lat' dir='ltr'>potestatem</span> <span class='ocrx_word' id='word_1_371' title='bbox 469 2591 605 2636; x_wconf 81' lang='lat' dir='ltr'>redigit,</span> <span class='ocrx_word' id='word_1_372' title='bbox 631 2591 889 2635; x_wconf 82' lang='lat' dir='ltr'>obsidioneque</span> <span class='ocrx_word' id='word_1_373' title='bbox 915 2602 1025 2622; x_wconf 84' lang='lat' dir='ltr'>arcem</span> <span class='ocrx_word' id='word_1_374' title='bbox 1056 2602 1212 2634; x_wconf 87' lang='lat' dir='ltr'>premere</span> <span class='ocrx_word' id='word_1_375' title='bbox 1240 2591 1373 2623; x_wconf 80' lang='lat' dir='ltr'>statuit.</span> <span class='ocrx_word' id='word_1_376' title='bbox 1423 2595 1524 2622; x_wconf 82' lang='lat' dir='ltr'>erant</span> <span class='ocrx_word' id='word_1_377' title='bbox 1550 2589 1588 2620; x_wconf 87' lang='lat' dir='ltr'>in</span> 
     </span>
     <span class='ocr_line' id='line_1_42' title="bbox 168 2634 1587 2681; baseline -0.002 -12"><span class='ocrx_word' id='word_1_378' title='bbox 168 2649 208 2669; x_wconf 84' lang='lat' dir='ltr'>ea</span> <span class='ocrx_word' id='word_1_379' title='bbox 237 2650 315 2670; x_wconf 86' lang='lat' dir='ltr'>arce</span> <span class='ocrx_word' id='word_1_380' title='bbox 344 2639 534 2679; x_wconf 72' lang='lat' dir='ltr'>Mulgerius</span> <span class='ocrx_word' id='word_1_381' title='bbox 559 2639 711 2670; x_wconf 80' lang='lat' dir='ltr'>Graecus</span> <span class='ocrx_word' id='word_1_382' title='bbox 737 2642 772 2670; x_wconf 88' lang='lat' dir='ltr'>et</span> <span class='ocrx_word' id='word_1_383' title='bbox 795 2637 856 2669; x_wconf 84' lang='lat' dir='ltr'>alii</span> <span class='ocrx_word' id='word_1_384' title='bbox 882 2636 1025 2681; x_wconf 83' lang='lat' dir='ltr'>quidam</span> <span class='ocrx_word' id='word_1_385' title='bbox 1059 2636 1182 2668; x_wconf 85' lang='lat' dir='ltr'>Graeci</span> <span class='ocrx_word' id='word_1_386' title='bbox 1212 2648 1282 2669; x_wconf 88' lang='lat' dir='ltr'>non</span> <span class='ocrx_word' id='word_1_387' title='bbox 1309 2635 1410 2668; x_wconf 83' lang='lat' dir='ltr'>inulti</span> <span class='ocrx_word' id='word_1_388' title='bbox 1440 2645 1516 2667; x_wconf 87' lang='lat' dir='ltr'>cum</span> <span class='ocrx_word' id='word_1_389' title='bbox 1543 2634 1587 2666; x_wconf 89' lang='lat' dir='ltr'>li-</span> 
     </span>
     <span class='ocr_line' id='line_1_43' title="bbox 167 2681 1587 2727; baseline -0.004 -10"><span class='ocrx_word' id='word_1_390' title='bbox 167 2683 259 2718; x_wconf 86' lang='lat' dir='ltr'>beris</span> <span class='ocrx_word' id='word_1_391' title='bbox 290 2691 323 2717; x_wconf 84' lang='lat' dir='ltr'>et</span> <span class='ocrx_word' id='word_1_392' title='bbox 350 2685 547 2717; x_wconf 72' lang='lat' dir='ltr'>uxoribus.-</span> <span class='ocrx_word' id='word_1_393' title='bbox 595 2685 699 2716; x_wconf 80' lang='lat' dir='ltr'>&#39;surci</span> <span class='ocrx_word' id='word_1_394' title='bbox 730 2684 833 2727; x_wconf 84' lang='lat' dir='ltr'>igitur</span> <span class='ocrx_word' id='word_1_395' title='bbox 868 2682 1099 2717; x_wconf 73' lang='lat' dir='ltr'>suffodientes</span> <span class='ocrx_word' id='word_1_396' title='bbox 1128 2693 1260 2722; x_wconf 78' lang='lat' dir='ltr'>arcem,</span> <span class='ocrx_word' id='word_1_397' title='bbox 1288 2693 1364 2715; x_wconf 79' lang='lat' dir='ltr'>cuin</span> <span class='ocrx_word' id='word_1_398' title='bbox 1394 2681 1587 2724; x_wconf 82' lang='lat' dir='ltr'>Mulgerius</span> 
     </span>
    </p>
   </div>
  </div>
 </body>
</html>
