1858 3210
745 199 1087 243 HlSTORlCUS.

185 303 283 340 lesus
318 304 437 337 minor
462 302 625 336 Paiazitis
661 302 681 334 f.
711 302 755 335 ad
775 302 891 334 Grae-

234 363 294 386 cos
323 362 432 397 quum
448 361 486 384 se
513 351 705 395 recepisset
723 348 892 382 christia-

239 411 320 433 nam
365 399 574 442 religionem
611 397 796 430 consessus
826 401 891 429 est.

235 445 314 486 178,
345 445 400 477 12.

184 490 285 526 lesus
326 492 440 524 maior
476 489 636 523 Paiazitis
683 490 794 534 patris
834 499 891 522 re-

231 550 339 583 gnum
364 537 555 583 occupavit
586 535 664 576 169,
693 537 724 569 1.
754 535 834 577 170,
860 538 891 568 1.

233 587 399 630 Europae
416 585 606 630 imperium
623 583 763 628 accepit
790 583 840 615 ib.
855 580 889 614 4.

231 644 251 666 a
279 634 387 666 fratre
413 631 641 665 Musulmane
684 630 889 664 debellatus

230 685 268 714 et
298 679 499 713 trucidatus
526 683 581 711 est
607 678 653 710 ib.
683 676 738 711 18.

182 727 430 762 Musulmanes
485 725 652 759 Paiazitis
700 724 723 756 f.
772 723 887 757 lesum

233 775 378 808 fratrem
415 775 505 807 vicit
537 778 575 806 et
599 772 782 805 interfecit
810 771 888 811 170,

232 821 286 855 18.
338 821 440 854 Mose.
465 822 573 854 fratre
599 819 739 852 devicto
767 818 814 851 ib.
831 818 887 851 22.

235 870 314 909 171,
342 868 394 902 16.
426 867 504 908 173,
525 868 558 900 5.
588 865 887 910 Hadrianopolim

231 917 418 962 profectus
443 922 495 949 est
518 914 644 959 ibique
671 925 723 947 res
741 913 887 947 ordina-

230 965 283 996 vit
313 961 350 995 ib
393 961 448 996 20.
511 961 676 1005 ignaviae
707 966 742 994 et
769 961 887 993 ebrie-

227 1010 293 1043 tati
333 1009 488 1042 indulsit
523 1007 604 1048 174,
635 1007 668 1041 6.
740 1008 885 1041 Graecis

226 1056 419 1090 Thermam
441 1083 449 1097 ,
502 1057 664 1089 Zetunim
689 1080 697 1095 ‚
739 1056 885 1087 univer-

229 1115 303 1137 sam
329 1105 432 1137 Asiae
460 1104 676 1136 maritimam
705 1103 884 1145 regionem

227 1151 391 1184 restituit
417 1150 466 1183 ib.
497 1150 551 1183 10.
601 1161 619 1182 a
652 1149 750 1182 Mose
776 1150 884 1182 fratre

227 1198 356 1231 iterum
380 1197 585 1231 debellatus
598 1196 808 1239 Byzantium
829 1197 882 1228 fu-

228 1246 281 1288 git
310 1245 387 1285 175,
413 1245 448 1278 5.
505 1245 540 1277 in
587 1245 666 1287 suga
701 1255 719 1275 a
753 1244 881 1277 ‘furcis

227 1298 352 1338 captus
386 1298 422 1326 et
458 1303 477 1324 a
506 1293 605 1324 Mose
639 1297 788 1324 necatus
831 1297 884 1324 est

226 1339 276 1372 ib.
307 1339 364 1371 11.
807 1368 813 1372 ‚

178 1387 298 1420 Moses
329 1386 489 1418 Paiazitis
518 1385 541 1417 f.
566 1385 782 1418 Musulmani
813 1385 883 1418 fra-

227 1435 272 1467 tri
290 1433 426 1466 bellum
442 1433 566 1466 intulit
582 1431 722 1471 170,22.
742 1443 802 1464 rex
819 1432 882 1464 de-

223 1481 378 1514 claratus
394 1485 448 1512 est
468 1479 546 1519 171,
565 1478 620 1512 19.
647 1491 664 1510 a
684 1479 878 1512 Musulma-

221 1540 268 1561 ne
289 1539 397 1572 regno
418 1528 586 1572 expulsus
604 1526 682 1566 173,
698 1527 730 1560 5.
754 1528 880 1560 iterum

223 1575 262 1608 iu
281 1575 428 1608 fratrem
445 1586 539 1608 arma
554 1575 708 1618 arripuit
725 1585 880 1619 eumque

220 1623 366 1655 necavit
398 1622 476 1662 175,
502 1622 534 1655 5.
594 1633 737 1664 regnum
782 1633 878 1654 rece-

222 1670 276 1715 pit
302 1669 350 1702 ib.
380 1669 436 1702 23.
491 1669 595 1701 Asiae
621 1680 674 1701 res
700 1668 880 1701 ordinavit

224 1715 303 1757 176,
350 1718 381 1748 1.
431 1715 604 1759 Byzantio
651 1715 877 1748 obsidionem

559 1763 736 1796 Thermae
774 1774 877 1795 exer·

219 1763 361 1809 paravit
387 1763 435 1796 ib.
465 1763 488 1797 2

633 1810 877 1842 Triballorum

220 1811 331 1843 citum
359 1810 582 1845 admovitib.

221 1857 305 1890 duci
333 1856 470 1890 bellum
497 1857 683 1890 intulitib.
735 1857 876 1890 Musul-

219 1904 333 1938 manis
361 1905 473 1937 fllium
489 1903 689 1936 Orchanem
721 1904 877 1936 trucida-

218 1952 270 1985 vit
298 1950 377 1990 178,
409 1951 445 1985 8.
503 1951 655 1984 infestos
690 1951 760 1983 sibi
791 1951 877 1984 fecit

217 1999 414 2033 'furcarum
456 1998 632 2044 opti‘mos,
671 1999 722 2031 ita
757 2003 796 2031 ut
831 1997 877 2030 ad

219 2046 363 2079 fratrem

170 2093 407 2137 Mecbmetem
442 2094 468 2126 l.
505 2092 702 2126 deficerent
743 2091 791 2124 ib.
817 2091 875 2126 21.

217 2141 280 2187 qui
312 2141 418 2174 Asiae
455 2140 607 2184 imperio
648 2140 785 2184 potitus
821 2144 876 2172 est

218 2188 371 2230 179,10.
422 2188 638 2221 Graecorum
662 2197 778 2230 regem
804 2186 871 2218 sibi

215 2235 383 2268 adiunxit
417 2235 466 2267 ib.
507 2234 561 2267 12.
614 2234 871 2266 -Triballorum

213 2282 462 2328 'l'hraciaeque
499 2282 671 2327 principis
700 2280 899 2328 implora-K

214 2330 268 2362 vit
302 2331 475 2363 auxilium
514 2329 564 2362 ib.
603 2328 656 2361 13.
715 2340 734 2361 a
761 2328 871 2360 fratre

216 2388 333 2422 pugna
363 2378 476 2410 victus
502 2382 556 2409 est
572 2375 651 2417 180,
673 2375 707 2408 3.
758 2375 870 2408 altera

207 2425 252 2456 ‘in
278 2435 396 2469 pugna
426 2424 572 2457 fratrem
606 2422 868 2468 deprehensum

214 2472 252 2504 in
282 2471 364 2515 suga
389 2471 530 2504 necavit
557 2470 635 2511 181,
663 2471 694 2504 7.
732 2469 811 2510 183,
834 2469 869 2503 9.

215 2518 403 2551 ismaelem
419 2519 576 2563 Sinopae
588 2517 789 2563 principem
804 2516 869 2549 ad-

213 2570 315 2598 ortus
341 2570 395 2598 est
423 2564 502 2605 185,
532 2565 562 2596 1.
613 2565 760 2597 Venetis
788 2563 868 2597 bel-

215 2612 286 2644 tum
313 2611 445 2645 indixit
479 2612 529 2644 ib.
557 2611 610 2644 10.
685 2611 869 2657 profectus

214 2664 270 2691 est
296 2658 464 2692 adversus
492 2659 635 2692 fratrem

166 2705 392 2751 Mustapham
451 2706 513 2751 qui
558 2717 576 2737 a
623 2705 770 2737 Graecis
808 2716 867 2737 ca-

216 2758 298 2798 ptus
325 2753 413 2786 etin
438 2752 581 2785 vincula
604 2752 787 2784 coniectus
817 2757 870 2784 est

212 2799 294 2840 204,
312 2800 366 2833 10.
418 2799 636 2833 Mechmetes
661 2809 741 2831 cum
756 2798 869 2832 Grae-

1561 191 1655 238 579

1007 300 1058 333 cis
1088 299 1170 333 iniit
1195 299 1387 333 amicitiam
1403 298 1481 340 183,
1510 299 1567 334 20.
1582 299 1664 339 204,

1013 345 1068 380 19.
1091 347 1173 388 217,
1197 348 1227 380 1.
1263 348 1422 381 Amurati
1451 347 1524 381 filio
1554 347 1666 380 Euro-

1007 405 1075 439 pae
1090 418 1100 434 ,
1116 394 1333 439 Mustapbae
1350 395 1454 428 Asiae
1474 395 1664 439 imperium

1006 442 1185 474 concessit
1201 441 1249 474 ib.
1270 442 1322 475 10.
1350 442 1495 475 Daciam
1515 441 1666 487 diripuit

1004 494 1042 521 et
1068 490 1263 521 exercitum
1293 490 1391 522 misit
1415 495 1541 523 contra
1569 490 1660 522 Pan-

1003 546 1143 576 nona,
1188 536 1446 569 Pannodaciam
1465 562 1475 578 ,
1517 537 1661 579 illyrios

1005 581 1053 614 ib.
1105 587 1265 615 mortuus
1289 589 1342 616 est
1362 585 1459 628 regni
1489 585 1542 617 sui
1564 595 1658 616 anno

1002 628 1221 663 duodecimo
1257 629 1339 671 220,
1373 632 1403 663 1.
1463 631 1660 676 aequitatis

1004 681 1080 709 erat
1124 678 1389 711 amantissimus
1426 679 1662 723 moribusque.

1003 724 1222 767 tranquillus
1248 730 1284 757 et
1314 724 1479 770 placidus
1509 724 1663 765 203,10.

956 769 1166 815 Mustaphas
1226 772 1334 804 fratre
1390 771 1589 806 Mechmete
1637 771 1662 806 Ι.

1004 823 1146 851 mortuo
1170 829 1189 850 a
1218 818 1364 852 Graecis
1393 831 1412 852 e
1441 820 1570 852 Lemno
1602 831 1661 852 ac-

1001 867 1153 898 cersitus
1181 871 1218 898 et
1246 866 1408 911 Europae
1444 867 1515 899 dux
1543 867 1662 912 impo-

1001 913 1090 945 situs
1121 918 1175 946 est
1202 913 1283 953 220,
1314 914 1346 947 5.
1425 916 1584 947 Amurati
1615 914 1658 945 11.

1000 959 1138 992 bellum
1176 959 1302 993 intulit
1330 960 1411 999 225,
1435 959 1470 993 4.
1531 961 1565 993 in
1601 961 1660 993 fu-

1001 1018 1077 1050 gam
1093 1007 1297 1052 compulsus
1314 1014 1350 1041 et
1377 1009 1590 1042 interfectus
1607 1014 1661 1042 est

954 1099 1167 1146 Mustaphas
1220 1099 1432 1134 Mecizmetis
1470 1101 1496 1133 1.
1542 1101 1567 1134 f.
1614 1101 1659 1134 ab

1001 1150 1170 1181 Amurate
1185 1148 1226 1180 Π.
1252 1149 1362 1181 fratre
1391 1148 1592 1182 trucidatus
1606 1155 1660 1182 est

997 1194 1079 1235 233,
1112 1195 1165 1229 17.
1193 1194 1275 1236 235,
1304 1195 1334 1226 1.

951 1242 1136 1276 Amurates
1171 1243 1214 1275 ΙΙ.
1263 1240 1473 1275 Mechmetis
1510 1243 1533 1275 l.
1575 1242 1598 1275 f.
1638 1252 1658 1275 a

1000 1290 1163 1322 Paiazitis
1193 1289 1268 1322 filio
1297 1288 1490 1333 Mustaplia
1511 1289 1555 1322 ad
1575 1289 1657 1322 bel-

1000 1337 1074 1369 lum
1102 1342 1314 1381 provocatus
1345 1341 1400 1369 est
1414 1335 1547 1376 227,4.
1579 1337 1657 1368 Mu-

997 1383 1162 1428 stapham
1205 1384 1242 1416 in
1269 1384 1351 1428 fuga
1393 1383 1658 1427 deprehensum

998 1434 1141 1464 necavit
1171 1430 1218 1463 ib.
1246 1430 1299 1464 16.
1350 1431 1455 1463 Asiae.
1485 1437 1520 1463 et
1547 1431 1656 1463 Euro·

999 1489 1066 1523 pae
1093 1490 1152 1511 rex
1180 1485 1320 1510 creatus
1347 1484 1400 1511 est
1426 1478 1474 1510 ib.
1507 1477 1559 1511 19.
1591 1479 1658 1521 By-

998 1527 1155 1561 zantium
1183 1525 1327 1558 obsedit
1353 1525 1402 1558 ib.
1429 1526 1485 1557 21.
1514 1525 1596 1566 231,
1621 1527 1654 1559 5.

989 1572 1076 1613 233,
1093 1571 1127 1605 3.
1167 1572 1394 1617 Mustapham
1425 1573 1567 1604 fratrem
1596 1584 1655 1605 se·

999 1619 1169 1653 ditiosum
1203 1621 1345 1652 necavit
1372 1619 1454 1659 233,
1485 1620 1535 1653 17.
1571 1619 1653 1660 235,

997 1668 1028 1700 1.
1080 1667 1270 1700 Thermum
1294 1667 1513 1711 expugnavit
1531 1666 1578 1699 ib.
1598 1667 1653 1701 10.

994 1719 1117 1748 contra
1133 1715 1343 1747 loanninam
1370 1714 1493 1746 urbem
1513 1718 1652 1747 exerci-

994 1767 1068 1795 tum
1096 1760 1287 1801 misit236,
1303 1761 1357 1795 19.
1410 1762 1587 1794 Aetoliam
1615 1763 1651 1795 in

993 1808 1172 1842 dicionem
1204 1809 1344 1852 redegit
1369 1808 1450 1849 238,
1477 1809 1510 1842 9.
1572 1821 1652 1842 cum

993 1857 1140 1888 Graecis
1177 1867 1300 1900 pacem
1344 1857 1427 1888 iniit
1464 1856 1551 1889 ibid.
1594 1857 1648 1889 ll.

993 1901 1072 1940 239,
1103 1903 1155 1935 13.

994 1951 1282 1994 Peloponnesum
1297 1949 1376 1988 238,
1398 1949 1451 1982 13.

994 1997 1036 2030 lis
1062 1997 1198 2030 bellum
1226 1997 1358 2030 indixit
1375 1996 1455 2037 242,
1478 1997 1530 2030 12.
1560 2009 1648 2041 pace

990 2045 1188 2088 composita
1206 2044 1225 2076 'l
1241 2044 1449 2077 riballorum
1475 2045 1647 2090 principis

992 2091 1100 2124 filiam
1116 2091 1217 2124 duxit
1234 2103 1376 2124 uxorem
1390 2091 1437 2124 ib.
1455 2091 1510 2124 19.
1536 2092 1645 2124 Cara-

991 2149 1135 2171 manum
1156 2138 1352 2172 Aliderium
1369 2139 1492 2173 Cariae
1517 2138 1643 2172 ducem

988 2185 1089 2219 bello
1109 2186 1215 2230 petiit
1232 2186 1278 2218 ib.
1291 2186 1348 2219 23.
1398 2198 1475 2220 cum
1503 2198 1546 2219 eo
1565 2187 1643 2219 foe-

990 2234 1056 2266 dus
1093 2233 1211 2266 iunxit
1243 2233 1325 2273 245,
1352 2233 1385 2267 6.
1435 2234 1537 2266 illinc
1573 2234 1643 2267 iter

988 2280 1149 2314 intendit
1174 2281 1210 2312 in
1227 2281 1402 2326 Europam
1428 2280 1478 2313 ib.
1498 2281 1528 2314 7.
1559 2292 1642 2324 pro·

989 2328 1103 2360 fectus
1133 2329 1243 2360 estin
1271 2328 1455 2360 ismaelem
1487 2328 1639 2373 Sinopes

987 2380 1024 2408 et
1050 2375 1283 2408 Castamonae
1309 2376 1505 2420 principem
1532 2375 1580 2407 ib.
1605 2374 1639 2408 8.

986 2423 1022 2455 in
1058 2423 1254 2454 Leucarnas
1293 2423 1342 2454 ib.
1377 2421 1416 2455 19
1489 2424 1524 2454 in
1559 2423 1641 2456 Tri-

986 2469 1164 2502 banorum
1210 2470 1408 2514 principem
1457 2475 1494 2502 et
1533 2470 1640 2502 huius

985 2516 1123 2549 affinem
1153 2516 1346 2557 Georgium
1374 2517 1422 2548 ib.
1445 2515 1501 2550 20.
1564 2517 1642 2550 Ge·

983 2564 1120 2606 orgium
1147 2563 1297 2609 eiusque
1329 2564 1471 2596 fratrem
1486 2563 1640 2608 Stepha-

983 2621 1069 2644 num
1100 2610 1241 2643 orbavit
1265 2611 1381 2643 oculis
1396 2608 1520 2650 2424.
1550 2622 1632 2644 eon-

983 2663 1036 2691 tra
1065 2657 1275 2701 Belgradum
1303 2659 1425 2703 copias
1451 2657 1556 2692 duxit
1587 2658 1636 2690 ib.

984 2704 1016 2738 7.
1094 2704 1305 2747 Scopiorum
1353 2711 1389 2737 et
1435 2705 1637 2749 Illyriorum

981 2752 1122 2831 ἑεςῖἓηί
1139 2751 1361 2832 praeftegtum
1378 2750 1545 2833 imposgit
1557 2752 1640 2791 248,

1010 2822 1018 2830 .
1087 2809 1191 2831 auem
1214 2809 1233 2831 e
1299 2805 1463 2833 rianltem
1512 2811 1639 2833 omne-

1206 1902 1453 1935 'l'urachanem
1485 1904 1584 1936 misit
1613 1904 1650 1936 in

1502 1950 1648 1982 'l'ribal-
