1774 3204
252 175 346 218 582

295 276 383 308 tium
410 285 564 307 reversus
578 273 623 306 ad
635 275 833 306 Amuratem
845 272 871 305 Ι.
884 273 935 306 le-

300 322 475 363 gationem
492 321 588 352 misit
607 320 790 363 filiumque
809 319 931 352 Theo-

295 367 418 398 dorum
439 366 475 398 in
500 366 614 398 ianuis
642 367 730 407 regis
757 365 935 410 stipendia

294 411 407 443 fucere
421 411 579 444 inssitib.
598 411 652 443 19.
667 411 723 451 38,
740 411 791 446 12.
811 411 935 443 Theo-

293 456 416 489 dorum
449 458 596 490 mortuis
623 457 856 489 Cantacnzeni
890 457 933 488 fi-

290 503 347 534 liis
373 503 467 535 misit
490 504 525 535 in
540 504 819 547 Peloponnesum
834 503 889 543 52,
901 503 932 534 2.

287 548 528 581 Andronicum
542 550 688 594 eiusque.
702 549 814 581 [ilium
827 549 932 580 loan-

287 605 368 626 nem
403 595 514 627 oculis
548 596 697 639 privavit
734 594 791 634 41,
831 595 858 627 1.
874 593 931 634 46,

291 640 323 671 l·
336 639 392 678 60,
407 639 463 673 20.
483 641 656 674 Amuratis
669 642 753 673 iram
770 646 930 672 metuens

287 686 511 719 Emanuelem
521 698 593 719 non
605 687 746 731 excepit
754 685 870 724 46,18.
885 685 928 717 ab

290 732 490 765 Andronico
519 734 667 777 eiusque
694 733 767 764 lilio
795 734 927 764 Ioanne

285 788 354 810 una
390 790 466 811 cum
487 778 679 811 Emanuele
718 779 754 810 in
787 778 928 809 vincula

285 825 464 857 coniectus
493 824 549 863 60,
578 823 629 856 18.
659 822 716 864 62,
746 823 798 860 14,
825 822 880 855 20.
909 834 927 855 e

287 880 423 902 carcere
449 870 492 902 ad
512 871 693 902 Paiazitem
719 870 855 912 aufugit
870 868 926 909 63,

284 914 317 947 8.
367 927 434 948 nee
456 917 567 948 multo
589 921 669 959 post
693 914 737 947 ad
754 915 927 946 Emanue-

284 960 353 992 lem
392 962 547 1003 Byzantii
590 971 732 1004 regnum
770 961 924 993 delatum

285 1013 339 1039 est
366 1007 418 1039 19.
469 1019 544 1040 cum
577 1007 768 1039 Emanuele
793 1008 924 1040 'furcas

283 1059 406 1085 contra
434 1053 712 1096 Pliiladelpliiam
737 1054 924 1085 comitatus

282 1104 336 1130 est
352 1098 408 1137 (34,
422 1099 454 1130 3.
507 1099 687 1131 Emanueli
714 1099 923 1131 Colchorum

283 1146 370 1187 regis
397 1145 504 1176 filiam
537 1156 698 1189 sponsam
727 1144 924 1189 eripuit80,

285 1189 336 1224 19.
398 1191 554 1233 psaltriis
588 1191 784 1223 delectatus
829 1191 923 1233 regni

283 1235 625 1268 administrationem
644 1238 801 1280 neglexit
817 1236 874 1277 92,
891 1238 920 1267 1.

234 1281 452 1314 Andronicus
489 1289 694 1315 excaecatus
729 1283 921 1314 loannisV.

280 1327 303 1362 f.
330 1334 413 1360 natu
438 1330 622 1361 maximus.
649 1330 838 1370 Mysiorum
868 1339 922 1360 re-

276 1374 326 1416 gis
353 1375 460 1406 liliam
488 1376 523 1406 in
558 1376 816 1407 matrimonium
854 1374 921 1406 du-

274 1421 323 1451 cit
347 1420 403 1459 38,
430 1421 459 1453 7.
510 1422 600 1464 patri
618 1421 774 1453 Venetiis
802 1433 820 1452 a
845 1432 921 1452 cre-

276 1465 450 1498 ditoribus
478 1472 614 1499 retento
651 1473 788 1499 recusat
813 1478 921 1511 pecu-

277 1513 372 1544 niam
399 1512 527 1553 50,15.
579 1524 655 1545 cum
672 1514 783 1546 Sauze
810 1516 920 1546 Amu—

275 1559 360 1590 ratis
378 1557 404 1590 1.
432 1559 506 1590 filio
530 1559 567 1590 in
592 1565 727 1603 patrem
753 1565 788 1591 et
812 1559 920 1591 Amu-

275 1610 386 1636 ratem
417 1605 696 1637 coniurationem
719 1603 870 1644 facit4l,
889 1606 917 1637 1.

273 1660 292 1681 a
323 1656 421 1694 patre
462 1651 574 1682 oculis
615 1653 768 1694 privatus
803 1649 859 1690 46,
885 1652 917 1683 2.

271 1706 341 1728 una
354 1708 430 1728 cum
448 1703 632 1729 excaecato
650 1698 752 1729 lilioa
767 1698 918 1729 Pniazite

271 1742 438 1774 adversus
466 1749 596 1786 patrem
628 1744 719 1787 petit
747 1744 916 1775 auxilium

272 1787 329 1828 60,
354 1787 409 1820 20.
461 1790 660 1831 Byzantium
696 1789 836 1821 obsidet
861 1788 917 1828 62,

282 1834 334 1866 18.
383 1840 515 1878 patrem
559 1840 594 1867 et
637 1835 774 1867 fratrem
814 1835 915 1866 Ema-

275 1881 415 1912 nuelem
446 1881 481 1912 in
522 1891 657 1912 carcere
692 1881 843 1913 includit
869 1882 916 1913 ib.

275 1925 331 1958 20.
383 1927 492 1958 lilium
514 1929 679 1958 loannem
697 1928 839 1960 Graecis
862 1939 915 1958 re·

275 1982 351 2015 gem
378 1972 533 2005 destinat
556 1973 613 2013 63,
639 1975 668 2004 1.
719 1974 762 2005 ‹le
785 1975 914 2016 Byzan-

274 2019 315 2050 tii
368 2030 472 2062 regno
512 2030 589 2051 cum
626 2020 818 2052 Emanuele
844 2020 915 2051 sra-

278 2069 330 2096 tre
358 2064 544 2098 contendit
571 2065 616 2096 ib.
647 2065 699 2097 15.

227 2109 376 2142 loannes
405 2117 611 2143 excaecatus
636 2111 825 2143 Andronici
855 2123 915 2144 ex·-

274 2159 405 2188 caecati
444 2157 468 2188 f.
506 2157 571 2200 60„
595 2156 639 2189 20
690 2157 745 2196 63,
781 2159 809 2189 1.
870 2158 914 2189 ab

272 2203 470 2235 Emanuele
496 2203 530 2235 in
548 2205 683 2235 ltaliam
714 2205 838 2235 missus
862 2204 912 2235 ibi

276 2249 312 2281 in
331 2259 502 2281 carcerem
519 2250 699 2282 coniectus
725 2255 778 2282 est
788 2250 843 2287 83,
861 2250 913 2282 15.

275 2306 412 2327 carcere
448 2295 619 2327 liberatus
655 2295 697 2327 ad
731 2297 913 2328 Paiazilem

279 2340 368 2384 sugit
404 2341 657 2386 Sylebriaeque
690 2342 914 2374 administra-

275 2392 332 2419 tor
365 2388 478 2420 sactus
503 2393 557 2420 est
582 2389 630 2420 ib.
660 2387 715 2422 24.
783 2390 914 2430 Byzan-

275 2433 362 2466 tium
387 2445 422 2466 se
439 2434 574 2478 recepit
598 2439 633 2466 et
646 2445 665 2465 a
677 2439 801 2478 patruo
814 2435 915 2466 Ema-

274 2480 383 2512 nuele
421 2481 517 2524 regni
551 2491 668 2512 curam
698 2481 833 2525 accepit
856 2479 913 2520 84,

228 2570 440 2605 Theodorus
488 2573 627 2604 loannis
667 2571 702 2603 V.
753 2571 845 2603 nlius
878 2571 914 2603 in

275 2619 448 2650 Amurntis
463 2619 488 2650 l.
516 2618 628 2650 ianuis
655 2617 832 2649 militabat
857 2616 914 2656 38,

278 2663 330 2694 12.
357 2664 412 2702 51,
448 2663 500 2696 19.
561 2665 795 2697 Cautacuzcni
834 2663 914 2695 liliis

275 2710 421 2742 mortuis
447 2721 465 2742 a
499 2716 595 2754 patre
627 2712 663 2742 in
694 2711 913 2754 Peloponne-

893 177 1056 217 INDEX

1049 283 1124 304 sum
1156 274 1279 305 missus
1313 274 1368 315 52,
1404 274 1437 307 2.
1496 285 1515 308 a
1541 277 1688 312 Paiazite

1047 318 1134 350 belli
1161 318 1231 350 dux
1259 319 1392 352 electus
1416 320 1472 362 67,
1500 322 1552 355 12.
1608 325 1686 356 Ma-

1045 375 1172 396 monae
1212 365 1443 408 Epidamnum
1476 368 1607 412 eripuit
1628 369 1688 410 80,

1049 411 1102 443 15.
1152 411 1186 442 in
1206 411 1485 455 Peloponnesum
1511 415 1617 448 rediit
1628 414 1686 456 82,

1047 457 1100 488 11.
1150 467 1215 488 nec
1253 458 1365 490 multo
1397 463 1477 502 post
1512 458 1555 492 ab
1584 460 1686 493 Halie

1047 502 1247 535 Charatinis
1261 503 1333 535 filio
1348 503 1555 538 interemtus
1567 510 1620 539 est
1629 506 1686 546 81,

1046 548 1077 579 1.
1099 559 1140 580 ex
1168 549 1319 580 Rainerii
1351 549 1424 582 [ilia
1460 561 1532 583 uon
1558 551 1686 586 habuit

1042 594 1135 626 filios
1149 593 1229 633 206,
1245 591 1302 627 24.
1331 595 1566 639 Peloponnesi
1583 598 1684 642 prin·

1042 640 1196 683 cipatum
1229 639 1343 672 fratris
1378 640 1569 675 Andronici
1607 643 1682 676 filio

1042 686 1188 730 reliquit
1213 685 1293 725 216,
1319 685 1353 718 8.

995 730 1165 764 Emanuel
1194 731 1336 764 loannis
1364 730 1405 764 V.
1433 730 1456 763 f.
1485 731 1577 765 filios
1614 732 1680 766 ha-

1038 777 1119 809 buit
1174 779 1366 817 loannem,
1429 777 1680 820 Andronicum,

1039 822 1278 862 Theodorum,
1307 824 1593 866 Constantinum,
1610 826 1682 858 De-

1038 870 1214 909 metrium,
1248 869 1417 902 'l'homam
1439 869 1518 910 205,
1538 869 1589 918 4ἱ
1614 882 1679 916 pa..

1038 916 1082 946 tri
1122 915 1280 948 Venetiis
1315 927 1333 947 a
1368 915 1602 948 creditoribus
1642 917 1679 950 in

1038 971 1211 993 carcerem
1253 963 1414 993 coniecto
1451 961 1585 995 obtulit
1611 974 1679 1007 pe-

1037 1007 1155 1038 cunias
1169 1007 1224 1045 51,
1242 1007 1274 1040 5.
1325 1006 1457 1040 Plierris
1481 1007 1559 1040 urbi
1586 1014 1678 1041 stru-

1036 1053 1088 1084 xit
1114 1052 1259 1084 insidias
1283 1051 1338 1092 46,
1362 1051 1396 1084 4.
1445 1063 1463 1084 a
1489 1053 1677 1087 Chai-atine

1037 1098 1208 1130 Amuratis
1234 1101 1260 1131 1.
1301 1099 1389 1131 duce
1414 1100 1518 1131 armis
1542 1101 1674 1143 petitus

1036 1143 1085 1175 ib.
1109 1144 1141 1176 8.
1170 1144 1226 1184 52,
1260 1144 1313 1176 14.
1353 1144 1395 1176 ad
1426 1149 1558 1187 patrem
1588 1157 1676 1178 con-

1035 1189 1152 1222 tendit
1188 1196 1224 1222 et
1261 1190 1306 1223 ad
1329 1190 1435 1223 Lesbi
1469 1192 1676 1236 principem,

1035 1235 1162 1268 deinde
1195 1235 1237 1268 ad
1276 1237 1475 1269 Amuratem
1500 1238 1675 1281 petiturus

1034 1283 1171 1314 veniam
1197 1282 1244 1314 ib.
1274 1283 1328 1315 17.
1343 1280 1401 1323 46,
1429 1281 1482 1314 17.
1532 1282 1577 1315 ab
1602 1285 1673 1316 An-

1034 1327 1177 1367 dronico
1203 1329 1309 1360 fratre
1327 1339 1395 1360 una
1419 1339 1496 1360 cum
1513 1334 1613 1373 patre
1638 1330 1675 1362 in

1032 1375 1170 1406 vincula
1197 1376 1375 1407 coniectus
1389 1373 1444 1414 60,
1469 1373 1521 1407 18.
1547 1374 1670 1414 6214.

1033 1420 1088 1453 20.
1139 1431 1157 1452 e
1184 1431 1321 1453 carcere
1338 1419 1381 1452 ad
1398 1421 1583 1454 Paiazitem
1607 1433 1673 1454 au-

1032 1467 1121 1509 fugit
1147 1465 1250 1506 63‚8.
1301 1477 1319 1498 a
1346 1477 1416 1511 quo
1435 1467 1586 1509 Byzantii
1615 1478 1672 1500 re-

1033 1522 1137 1554 guum
1163 1513 1298 1557 accepit
1322 1511 1369 1544 ib.
1392 1512 1445 1545 15.
1472 1511 1526 1545 19.
1575 1513 1670 1546 Tur-

1032 1569 1090 1590 cas
1121 1564 1240 1590 contra
1266 1557 1544 1603 Philadelphiam
1569 1558 1670 1591 adiu·

1031 1605 1083 1636 vit
1109 1603 1165 1643 64,
1191 1604 1224 1636 3.
1295 1615 1422 1648 sponsa
1459 1603 1670 1638 Colchorum

1030 1651 1119 1693 regis
1154 1651 1225 1682 filia
1253 1650 1318 1682 ein
1344 1656 1444 1694 patre
1474 1656 1594 1694 erepta
1619 1657 1674 1683 est

1031 1695 1088 1734 81,
1117 1695 1168 1728 16.
1217 1706 1293 1728 eum
1315 1695 1546 1728 Constantino
1575 1697 1670 1729 Zarci

1031 1742 1106 1774 filio
1131 1742 1290 1774 Paiazitis
1305 1742 1424 1774 ianuas
1449 1741 1538 1784 fugit
1561 1741 1619 1782 82,
1635 1742 1668 1776 9.

1031 1798 1048 1818 a
1068 1787 1217 1820 Paiazite
1231 1788 1387 1830 Byzantii
1402 1790 1665 1832 oppugnatione

1030 1839 1173 1866 vexatus
1184 1834 1504 1876 83,10.Byzantium
1520 1834 1671 1878 patrueli

1032 1881 1154 1911 loanni
1172 1885 1356 1912 excaecato
1383 1880 1557 1912 commisit
1582 1881 1667 1912 etin

1029 1925 1166 1957 ltaliam
1181 1927 1357 1968 navigavit
1373 1927 1548 1969 petiturus
1565 1926 1668 1958 auxi-

1030 1972 1113 2003 lium
1137 1971 1267 2009 ε4,13.
1315 1972 1502 2004 Germania
1527 1977 1562 2003 et
1581 1973 1667 2004 Pan-

1026 2019 1134 2050 nonia
1171 2019 1382 2062 permigrata
1419 2019 1494 2050 sine
1527 2018 1660 2050 auxilio

1027 2063 1170 2096 domum
1196 2075 1354 2096 reversus
1381 2069 1433 2096 est
1455 2062 1516 2104 96,
1539 2062 1597 2096 23.
1646 2073 1666 2095 a

1027 2111 1186 2142 Paiazitis
1215 2110 1288 2142 fluo
1306 2110 1525 2142 Musulmane
1555 2108 1667 2141 'lher-

1027 2167 1130 2195 mam,
1155 2156 1335 2196 Zetunim,
1371 2155 1564 2187 universam
1584 2155 1664 2187 Asi·

1026 2213 1067 2233 ne
1092 2202 1299 2234 maritimam
1330 2202 1506 2244 regionem
1533 2201 1668 2244 recepit

1028 2246 1115 2286 174,ἰ
1128 2248 1180 2280 10.
1231 2247 1389 2280 Paiazitis
1414 2247 1524 2279 filium
1543 2247 1666 2280 Mosen

1025 2293 1163 2338 proelio
1194 2293 1310 2325 navali
1339 2293 1470 2326 devicit
1497 2292 1571 2333 176,
1611 2292 1666 2325 17.

1025 2351 1102 2371 eum
1143 2339 1337 2371 Mechmete
1386 2339 1546 2372 Paiazitis
1590 2339 1664 2371 filio

1024 2387 1107 2418 iniit
1131 2386 1334 2418 societatem
1359 2384 1496 2423 179,12.
1515 2383 1591 2424 183,
1605 2383 1663 2417 20.

1026 2432 1249 2476 Mustapham
1290 2430 1498 2464 Mechmetis
1532 2431 1558 2462 1.
1595 2430 1665 2462 fra-

1026 2483 1111 2510 trem
1139 2489 1207 2510 una
1224 2488 1301 2510 cum
1315 2477 1481 2520 Smyrnae
1499 2477 1588 2508 duce
1599 2477 1663 2508 Zu-

1025 2525 1120 2556 naite
1152 2524 1188 2556 in
1221 2524 1361 2555 vincula
1401 2523 1526 2555 coniici
1560 2522 1663 2554 iussit

1025 2568 1102 2608 204,
1127 2569 1160 2602 8.
1211 2569 1304 2602 unde
1333 2570 1474 2602 Graecis
1497 2568 1662 2600 cumMe-

1026 2617 1164 2648 climete
1194 2621 1364 2660 perpetua
1396 2615 1550 2647 amicitia
1582 2619 1663 2646 nata

1028 2668 1081 2694 est
1108 2661 1216 2694 ib.l9.
1268 2661 1389 2694 loanni
1418 2661 1494 2693 filio
1520 2670 1663 2693 uxorem

1027 2708 1126 2742 dedit
1138 2709 1405 2741 Montferrariae
1430 2705 1599 2751 principis
1625 2705 1667 2738 fi-
