1774 3204
217 179 313 222 578

259 279 404 311 stinuvit
421 279 469 311 ib.
487 279 543 312 20.
591 279 812 312 Chersoneso
838 290 898 312 co-

260 326 361 357 lonos
385 324 565 357 distribuit
584 325 659 364 101,
679 325 710 358 6.
742 330 899 358 mortuus

260 377 312 402 est
335 370 392 410 33,
426 373 453 402 1.

211 418 392 450 Amantes
436 417 462 448 1.
503 415 673 448 Orchanis
710 417 733 448 s.
766 416 832 456 33,
863 415 898 448 8.

260 462 551 504 Hadrianopolim
579 462 674 503 regni
701 462 818 494 sedem
834 463 896 494 de-

258 509 408 550 signavit
432 508 550 539 ib..12.
598 508 827 541 Macedoniae
843 520 897 541 re-

260 554 399 596 gionem
411 553 702 586 mediterraneam
719 565 897 597 aggressus

260 605 312 631 est
337 599 383 631 ib.
422 601 474 632 14.
547 605 667 632 contra
699 601 830 643 Mysios
863 607 898 634 et

260 645 438 677 Triballos
482 646 659 689 profectus
691 652 743 678 est
771 644 826 684 34,
862 645 896 682 9.

259 691 404 723 Pherras
444 697 479 723 et
515 692 591 723 loca
630 691 672 723 ad
702 692 896 736 Rhodopen

259 737 455 780 spectantia
488 737 628 780 subegit
663 737 719 774 36.
738 737 788 770 18.
818 750 895 770 cum

257 784 427 815 Susmano
469 783 660 824 Mysiorum
698 783 786 815 duce
816 784 897 816 iniit

257 829 459 861 affinitatem
486 829 542 868 37,
563 827 596 861 4.
657 828 824 861 loannem
856 830 896 862 V.

256 875 503 917 palaeologum
545 875 691 919 eiusque
719 877 810 907 lilios
835 887 896 907 ve-

257 922 399 963 ctigales
426 927 460 952 et.
475 921 722 964 stipendiarios
744 921 897 961 feci138,

257 966 353 999 7.13.
379 965 478 1005 41,4.
528 967 707 1011 profectus
735 974 786 999 est
810 979 896 1000 con-

257 1018 309 1044 tra
349 1013 531 1054 Dragnsem
575 1014 667 1044 Zarci
711 1013 819 1045 filium
861 1019 898 1046 et

257 1058 456 1100 Pogdanum
499 1057 555 1097 38,
592 1059 645 1091 15.
674 1058 725 1091 19.
775 1065 896 1091 contra

260 1105 458 1147 praefectos
484 1105 628 1136 Asianos
644 1105 766 1136 relicto
785 1107 896 1138 Sauze

255 1151 330 1182 filio
359 1151 395 1182 in
418 1151 555 1193 Europa
581 1151 630 1182 ib.
653 1151 684 1184 5.
709 1149 764 1188 40,
777 1151 832 1184 20.
859 1152 896 1183 in

254 1197 430 1240 Europam
462 1196 569 1228 rediit
589 1202 625 1228 et
653 1197 795 1228 Sauzem
827 1197 896 1229 iili—

254 1253 313 1273 um
342 1243 452 1274 oculis
471 1243 619 1286 privavit
642 1242 700 1282 41,
720 1244 748 1274 1.
764 1243 821 1282 42,
836 1243 893 1276 20.

252 1287 309 1326 45,
337 1287 369 1320 8.
430 1294 550 1320 contra
589 1288 812 1321 Eoi-'inuelem
839 1291 897 1321 lo-

255 1335 355 1366 annis
382 1333 420 1365 V.
443 1335 556 1366 filium
571 1334 704 1366 Pherris
733 1335 808 1366 urbi
837 1337 896 1367 in-

255 1379 361 1412 sidias
375 1386 569 1412 struentem
585 1380 808 1413 Charatiuem
826 1380 891 1413 ‹lu-

256 1437 328 1458 cem
354 1427 451 1458 misit
474 1426 530 1465 46,
545 1425 579 1457 8.
605 1427 660 1467 52,
688 1425 740 1458 14.
790 1428 895 1459 Ema—

255 1473 354 1504 nueli
380 1473 515 1505 veniam
542 1471 706 1510 dedit47,
726 1473 778 1506 17.
804 1473 896 1505 Cha-

258 1519 380 1550 catinis
416 1530 483 1561 ope
519 1519 670 1561 plurima
712 1519 895 1551 commoda

255 1570 433 1596 assecutus
453 1564 572 1603 est-19,
587 1564 618 1597 6.
667 1566 759 1596 Zarci
787 1566 896 1597 filium

254 1610 465 1653 Dragasem,
482 1610 690 1653 Pogdanum,
717 1612 805 1643 alios
828 1611 895 1643 du-

257 1667 313 1688 ces
342 1657 542 1699 Europaeos
570 1657 636 1688 sibi
671 1657 821 1689 subiecit
846 1657 894 1689 ib.

257 1702 310 1736 12.
359 1703 597 1735 Triballorum
623 1703 703 1734 duci
732 1703 895 1735 Eleazaro

255 1748 388 1780 bellum
415 1748 650 1788 intulit53,1.
700 1749 766 1781 iam
796 1755 896 1793 parta

257 1795 400 1826 victoria
427 1797 459 1825 in
483 1795 624 1826 Cosobo
655 1806 777 1839 campo
805 1796 896 1828 ceci·

259 1841 311 1872 dit
336 1840 420 1874 ibid.
449 1840 503 1873 20.
560 1841 684 1872 Graeci
725 1841 820 1885 quod
852 1840 898 1872 ad

257 1887 331 1918 eius
368 1892 512 1918 mortem
549 1889 678 1919 attinet
716 1898 734 1918 a
774 1888 898 1919 'l'urcis

258 1932 472 1965 dissentiunt
501 1930 558 1973 54,
591 1932 624 1963 2.
685 1934 808 1966 Prusae
842 1945 897 1966 se-

257 1979 380 2022 pultus
413 1984 466 2012 est
489 1978 536 2010 ib.
561 1978 617 2011 20.
680 1979 756 2011 eius
783 1990 898 2012 mores

259 2024 316 2063 55,
344 2024 373 2056 7.
435 2024 586 2057 Lesbum
627 2029 662 2056 et
691 2025 813 2057 Chium
843 2026 898 2058 in-

262 2071 354 2103 sulas
379 2070 581 2102 tributarias
609 2071 727 2103 tenuit
750 2070 829 2111 519,
847 2071 899 2104 15.

262 2117 337 2148 eius
364 2117 427 2148 filii
453 2116 508 2152 53,
539 2116 591 2149 19.

214 2163 342 2195 Sauzes
382 2162 553 2194 Amurotis
587 2163 610 2193 1.
650 2161 673 2192 f.
710 2167 793 2194 natu
821 2173 898 2193 ma·

259 2210 373 2240 ximus
398 2206 454 2248 40,
479 2208 535 2240 20.
595 2219 671 2239 cum
698 2207 899 2240 Andronico

261 2255 401 2287 loannis
425 2255 460 2285 V.
488 2254 562 2286 filio
594 2254 628 2285 in
655 2258 788 2298 putrem
814 2255 900 2286 fecit

258 2301 538 2332 coniurationem
582 2298 640 2339 41,
683 2299 713 2331 1.
785 2300 899 2332 oculis

259 2348 414 2390 privatus
445 2353 496 2378 est
521 2345 575 2381 45,
604 2346 656 2377 15.

212 2394 344 2427 'saules
370 2393 489 2424 Sauzis
509 2393 531 2423 f.
547 2393 762 2433 ungarorum
788 2397 899 2423 castra

259 2444 398 2470 secutus
436 2444 488 2470 est
511 2438 590 2476 363,
616 2437 649 2471 8.

213 2486 357 2528 lagupes
395 2485 568 2516 Amuratis
601 2483 625 2515 1.
669 2483 690 2513 f.
729 2494 747 2515 a
792 2482 898 2515 fratre

260 2531 408 2562 Paiazite
428 2530 620 2563 trucidatus
646 2527 708 2568 59,
739 2529 767 2561 1.

212 2577 380 2610 Pniazites
422 2576 597 2608 Amul-atis
630 2575 653 2607 1,
698 2575 719 2606 f.
757 2575 898 2618 Lailaps

259 2621 372 2655 dictus
403 2622 480 2661 103,
498 2623 529 2655 5.
554 2620 631 2661 14⁷,
657 2621 711 2653 21.
743 2621 820 2661 155,
843 2620 896 2653 10.

259 2669 370 2712 patris
394 2669 576 2711 imperium
602 2668 756 2711 suscepit
782 2666 838 2706 57,
864 2667 897 2701 2.

260 2715 402 2750 tratrem
444 2713 608 2761 Iagupem
641 2714 758 2747 necari
797 2714 898 2746 iussit

848 176 1009 221 lNDEx

1009 277 1066 318 59,
1093 278 1123 312 1.
1189 277 1366 311 'l'riballos
1393 278 1476 311 vicit
1501 277 1588 312 ibid.
1614 279 1648 313 7.

1015 324 1169 356 Graecos
1194 323 1338 356 foedere
1364 324 1429 356 sibi
1451 324 1569 358 iunxit
1592 323 1651 365 60,

1008 369 1040 402 8.
1095 370 1131 402 in
1159 369 1364 413 Scopiorum
1403 370 1522 408 urbem
1548 371 1650 403 colo-

1009 415 1101 447 uiam
1119 415 1220 447 duxit
1244 415 1292 447 ib.
1306 415 1337 448 9.
1386 416 1422 448 in
1447 416 1648 458 Illyriorum

1010 462 1190 504 regionem
1215 461 1452 494 incursionem
1479 463 1564 494 fecit
1598 463 1646 494 ib.

1011 507 1062 539 12.
1112 508 1149 540 in
1169 506 1323 540 Albanos
1343 507 1388 539 ib.
1407 508 1460 540 15.
1509 506 1646 541 Andro-

1008 553 1124 585 nicum
1164 558 1384 586 excaecatum
1427 554 1568 586 loannis
1603 554 1647 587 V.

1007 599 1117 630 filium
1141 600 1177 630 in
1196 600 1350 641 Byzantii
1377 610 1518 642 regnum
1547 601 1649 632 resti-

1009 646 1079 677 tuit
1096 645 1150 684 62,
1165 644 1197 676 3.
1225 646 1330 688 paulo
1358 651 1438 688 post
1462 646 1646 678 Fmauueli

1006 691 1194 723 Andronici
1216 691 1311 723 fratri
1330 691 1484 733 Byzantii
1503 702 1645 734 regnum

1006 737 1179 769 concessit
1200 736 1255 776 63,
1288 735 1336 768 19.
1386 742 1505 768 contra
1531 737 1648 769 Phila..

1006 781 1185 826 delphiam
1226 788 1337 815 castra
1376 783 1486 815 movit
1521 781 1578 821 64,
1609 782 1644 814 4.

1007 827 1215 861 Scenderem
1249 839 1361 871 regem
1400 829 1645 860 Armeniorum

1007 875 1136 906 invasit
1167 874 1214 906 ib.
1243 875 1295 906 15.
1331 873 1388 913 66,
1418 873 1470 906 14.
1533 874 1644 907 Ertzi-

1007 930 1081 951 cain
1107 925 1143 952 et
1156 920 1360 952 Lamachum
1381 920 1482 952 urbes
1507 930 1646 962 aggres-

1007 976 1064 997 sus
1095 971 1147 998 est
1170 964 1227 1006 64,
1253 965 1306 999 16.
1332 965 1388 1004 66,
1415 966 1468 998 14.
1499 965 1574 1006 101,
1590 965 1644 999 16.

1006 1011 1199 1055 'l'zapnidis
1228 1013 1383 1044 subactis
1408 1011 1463 1050 65.
1490 1011 1523 1044 6.
1574 1011 1646 1044 Ca—

1007 1057 1174 1090 railucem
1199 1063 1234 1090 et
1250 1058 1480 1089 Leucumnam
1500 1057 1644 1090 adortus

1011 1108 1065 1136 est
1088 1103 1134 1135 ib.
1149 1103 1182 1135 8.
1209 1103 1366 1148 reliquos
1387 1103 1424 1135 in
1440 1104 1519 1135 Asia
1537 1103 1644 1136 ducet

1005 1150 1152 1193 imperio
1163 1147 1414 1193 expulitib.13.
1428 1150 1462 1181 in
1474 1149 1646 1193 Europam

1006 1195 1146 1228 transiit
1171 1194 1228 1235 66,
1258 1194 1311 1227 19.
1361 1195 1575 1228 Albanorum
1609 1201 1647 1228 et

1006 1236 1207 1282 lllyriorum
1247 1242 1422 1284 regionem
1451 1241 1642 1285 populatus

1007 1292 1059 1319 est
1078 1287 1125 1318 ib.
1153 1287 1208 1319 21.
1239 1287 1337 1327 67,1.
1387 1287 1567 1331 profectus
1592 1292 1646 1320 est

1005 1333 1042 1365 in
1061 1332 1340 1377 Peloponnesum
1366 1332 1458 1365 ib.3.
1485 1334 1649 1367 inThes-

1007 1379 1126 1411 saliam
1158 1379 1206 1410 ib.
1238 1378 1288 1411 13.
1346 1378 1564 1423 Delphorum
1591 1390 1648 1412 re-

1006 1426 1145 1467 gionem
1170 1426 1208 1457 in
1236 1424 1411 1458 dicionem
1438 1425 1573 1468 redegit
1586 1424 1645 1465 68,

1007 1471 1040 1504 5.
1097 1471 1357 1514 Sigismunduin
1402 1471 1647 1515 imperatorem

1009 1519 1240 1549 Romanorum
1270 1517 1402 1560 fugavit
1428 1516 1484 1556 76,
1499 1517 1532 1550 5.
1560 1516 1647 1549 Gal-

1007 1564 1119 1595 lorum
1133 1569 1168 1595 et
1183 1565 1385 1596 pannonum
1401 1564 1575 1605 regionem
1589 1574 1647 1595 va-

1007 1610 1114 1641 stavit
1140 1609 1186 1641 ib.
1210 1609 1251 1641 13
1311 1615 1430 1652 postea
1446 1610 1558 1641 missis
1584 1620 1647 1641 ex-

1009 1654 1176 1687 ercitibus
1206 1656 1419 1687 Pannoniam
1449 1661 1484 1687 et
1510 1653 1648 1687 Panno—

1007 1700 1142 1732 ‹laciam
1185 1701 1376 1744 populatus
1426 1706 1478 1733 est
1512 1700 1577 1738 77,
1615 1699 1649 1732 3.

1007 1747 1162 1788 Myrxam
1202 1748 1329 1778 Daciae
1364 1747 1563 1790 principatu
1588 1756 1650 1778 ex-

1008 1793 1102 1836 pulit
1130 1792 1178 1824 ib.
1195 1792 1226 1825 5.
1249 1791 1303 1830 79,
1327 1793 1360 1824 2.
1385 1791 1464 1832 251,
1495 1792 1548 1825 15.
1578 1793 1645 1834 By-

1009 1839 1162 1871 zantium
1198 1837 1338 1870 obsedit
1377 1837 1433 1877 80,
1471 1837 1502 1870 7.
1533 1837 1592 1878 97,
1616 1839 1644 1869 1.

1011 1885 1207 1926 Sylebriam
1243 1885 1280 1916 in
1312 1890 1523 1928 potestatem
1547 1894 1647 1916 acce-

1008 1931 1062 1974 pit
1089 1932 1193 1975 eique
1211 1930 1408 1962 Emanuelis
1434 1930 1648 1963 Graecorum

1010 1977 1100 2055 {3535
1121 1975 1649 2066 ἐξρῗῖω...1ῗ>ἶ’ἱὲξὲ“.ηἰξὶζ

1010 2069 1199 2100 exercitum
1229 2068 1326 2100 misit
1340 2067 1396 2107 97,
1419 2069 1453 2100 2.
1500 2067 1650 2111 Scyt-ha-

1011 2125 1086 2146 rum
1111 2114 1215 2146 duces
1240 2113 1463 2146 obtruncavit
1489 2113 1567 2154 100,
1591 2113 1648 2146 20.

1010 2161 1178 2193 Ertzicam
1226 2165 1261 2192 et
1303 2160 1498 2191 Melitinem
1544 2159 1648 2191 urbes

1011 2218 1095 2239 suae
1122 2205 1270 2238 dicionis
1294 2205 1377 2237 fecit
1401 2205 1478 2242 101,
1507 2204 1559 2238 18.
1597 2205 1647 2238 'in

1011 2252 1198 2284 Lebadiam
1219 2251 1383 2284 Boeotiae
1398 2251 1531 2291 urbem,
1547 2251 1650 2284 Pelo-

1009 2309 1203 2342 ponnesum
1230 2303 1265 2330 et
1278 2297 1496 2330 Thessaliam
1520 2297 1643 2342 profe-

1010 2350 1085 2376 ctus
1109 2349 1162 2376 est
1187 2341 1264 2384 145,
1295 2343 1348 2376 16.
1373 2343 1452 2382 213,
1477 2344 1519 2376 21
1567 2354 1647 2375 cum

1009 2391 1150 2422 Temire
1190 2390 1322 2421 bellum
1354 2390 1459 2432 gessit
1494 2389 1582 2428 102,
1611 2389 1641 2420 1.

1013 2434 1087 2474 145,
1115 2436 1136 2468 5
1186 2436 1263 2474 148,
1284 2435 1337 2467 15.
1393 2446 1411 2467 a
1447 2434 1648 2468 Sacbrucbo

1009 2482 1160 2515 Teniiris
1186 2482 1259 2513 filio
1273 2481 1430 2512 devictus
1459 2486 1495 2513 et
1518 2482 1554 2513 in
1585 2481 1644 2512 fu—

1010 2539 1049 2572 ga
1077 2533 1199 2571 captus
1229 2527 1302 2566 155,
1331 2526 1382 2560 16.
1411 2527 1486 2565 158,
1511 2526 1542 2559 2.
1576 2537 1645 2559 una

1010 2585 1085 2606 cum
1114 2584 1221 2605 uxore
1235 2574 1389 2605 Eleazar-i
1413 2573 1484 2604 filia
1510 2578 1548 2605 et
1562 2572 1646 2604 filiis

1011 2621 1046 2652 in
1068 2620 1204 2651 vincula
1222 2620 1402 2651 coniectus
1432 2623 1484 2651 est
1499 2618 1574 2658 159,
1590 2617 1644 2650 19.

1010 2671 1168 2698 mortuus
1191 2670 1245 2700 est
1274 2665 1350 2705 162,
1379 2663 1432 2700 18.
1479 2666 1555 2696 eius
1580 2663 1646 2696 filii

1014 2711 1088 2753 158,
1106 2711 1159 2745 10.
1188 2710 1266 2752 169,
1279 2711 1311 2744 5.
1339 2709 1415 2750 178,
1447 2710 1497 2743 15.
1520 2709 1596 2750 18⁰,
1611 2709 1645 2742 5.
