1858 3210
9 201 25 235 gg.

7 235 23 282 :3¹

6 321 23 383 ἓ

4 387 23 490 Ξ,

4 564 19 599 ‘T

0 611 17 627 ξ’·

480 212 554 256 DE
591 216 765 257 REBUS
789 215 1041 258 TURClClS
1081 219 1128 258 L.
1152 219 1208 258 X.
1478 215 1573 259 557

106 320 241 373 νέχθη
271 316 415 366 αὐτοῖς
445 313 620 356 τοιόνδε.
677 312 734 363 ὥς
761 314 1157 370 γάρ-ἐπεκράτησαν
1175 318 1253 358 τοῦ
1274 314 1472 372 ”Λργους,
1504 317 1577 358 καὶ

106 382 310 440 βοήθειαν
339 381 536 434 ἔπεμπον,
568 382 868 435 ἐπιτρέψαντες
899 382 1026 436 ἀνδρί
1046 381 1287 441 Ἱερωνύμῳ
1318 381 1574 438 Βερνάρδων

107 453 265 505 γένους,
295 449 368 490 καί
395 448 675 494 έπιτείλαντες
703 446 761 495 ὥς
786 443 839 487 ἂν
858 445 928 487 διὰ
959 449 1038 488 τοῦ
1069 450 1264 502 αἰγιαλοῦ
1282 448 1438 503 προϊών
1467 449 1573 504 α’φί-

107 531 222 558 κοιτο
253 517 296 564 ἐς
322 513 370 556 τό
390 509 561 566 ”Αργος,
623 511 646 553 0‘
683 513 729 553 δὲ
756 512 994 567 ἀπειθήσας
1020 510 1088 570 ᾔει
1117 514 1190 568 τήν
1216 515 1463 569 μεσόγαιαν,
1495 517 1574 570 φέ-

71 586 267 636 5ρουσαν
298 578 370 621 διὰ
400 581 475 632 τῆς
507 575 734 632 ὑπωρείας.
792 578 979 619 ἐνταῦθα
1011 577 1050 619 οἱ
1084 581 1258 633 Τοῦρκοι
1291 584 1616 635 προλοχίσαν-Ῑ)

104 661 174 696 τες
205 644 284 700 τὴν
311 645 382 686 ἐπὶ
404 646 462 701 τιιιῖ
493 639 641 697 ”Αργει
669 642 796 695 ὁδόν,
825 645 896 684 καί
931 643 1182 692 ὑπείσαντες
1225 642 1383 700 ἄνδρας
1409 644 1709 700 ἑκατόν,ν,232

0 703 5 708 ’
63 718 67 720 ”
106 713 308 764 ἐνέμενον
332 709 434 752 εἴτι
462 709 564 765 ἀπίῃ
595 711 638 758 ές
663 710 869 761 τιμωρίαν
898 712 1026 764 φέρον
1046 716 1133 760 τοῖς
1163 712 1380 768 Ἀργείοις.
1437 711 1494 760 ὥς
1525 712 1571 754 δὲ

105 777 250 832 ἑώρων
278 776 350 819 τὸν
372 775 627 831 Ἱερώνυμον
654 769 809 829 ἄγοντα
838 774 936 822 τούς
957 773 1117 831 ἄνδρας
1145 775 1216 819 ἐπὶ
1243 778 1288 819 τὸ
1313 774 1470 832 ’Ἄργος
1500 778 1572 820 διὰ

104 846 179 899 τῆς
209 845 453 896 μεσογαίου,
483 841 700 896 ἔφθησαν,
740 840 817 895 τήν
848 857 894 882 τε
938 841 1152 896 ὑπώρειαν
1179 843 1251 885 καί
1279 842 1352 885 τὸν
1383 843 1575 898 αἰγιαλὸν

6 944 9 947 .
49 909 432 963 ίῡκαταλαβόντες,
463 910 508 950 ἐν
546 910 661 966 μέσῳ
687 908 950 962 ποιήσασθαι
993 910 1070 963 τὴν
1110 910 1325 952 Οὔενεταῖν
1351 909 1571 965 βοήθειαν.

103 978 178 1018 καί
206 973 264 1024 αἷς
291 977 505 1029 ἐποίησαν,
536 976 771 1028 ἐτρέψαντο
801 974 956 1015 αὐτίκα
985 973 1175 1027 τούτους,
1197 977 1270 1016 καί
1291 977 1574 1031 διαφθείραν-

102 1057 168 1091 τες
198 1043 242 1090 ές
273 1042 514 1089 διακοσίους
551 1038 725 1088 τούτους
765 1039 1021 1095 ἐζώγρησαν.
1089 1041 1216 1090 αὐτός
1251 1057 1296 1083 τε
1328 1040 1573 1096 Ἱερώνυμος
1587 1053 1704 1089 Ρ.298

72 1144 78 1147 ,
104 1109 282 1164 διέφυγε
311 1107 367 1162 μὴ
399 1107 650 1148 ἀπολέσθαι.
709 1103 842 1160 ἐμβὰς
867 1109 914 1147 δὲ
940 1108 984 1156 ἐς
1012 1111 1156 1149 πλοῖον
1177 1106 1311 1165 ταύτῃ
1337 1123 1420 1149 που
1450 1106 1573 1162 ὅρμι-

105 1171 298 1228 ζόμενον,
331 1175 598 1227 ἐπηγγέλλετο
627 1172 685 1223 ὥς
715 1171 798 1213 ὑπὸ
833 1174 908 1214 τοῦ
935 1176 1169 1227 στρατηγοῦ
1195 1176 1349 1227 παρείη
1377 1175 1573 1216 πλεύσων

46 1238 178 1293 15τῆν
209 1237 405 1292 Αἴγιναν.
471 1237 526 1286 αἷς
568 1239 615 1280 δὲ
644 1237 716 1280 ἐπὶ
754 1236 937 1291 Αἴγιναν
978 1241 1178 1294 ἄφίκετο,
1208 1235 1339 1288 αὖθις
1382 1241 1573 1282 ἐκέλευεν

104 1301 236 1346 αὖτόν
265 1307 610 1358 διαπορθμεῦσαι
651 1306 694 1353 ές
722 1300 922 1358 Εὔβοιαν.
997 1303 1149 1357 ἐπιβὰς
1179 1307 1226 1346 δὲ
1255 1308 1298 1354 ές
1329 1303 1407 1360 την
1428 1306 1573 1348 'Aru-

102 1369 191 1425 κήν,
219 1372 414 1412 ἐντεῦθεν
442 1369 616 1425 ἄφίκετο
649 1369 762 1423 παρὰ
794 1372 989 1422 βασιλέα.

217 1431 351 1485 Οὗτος
378 1437 455 1489 μὲν
482 1430 554 1477 οὖν
595 1437 649 1476 ου’
675 1441 816 1494 πολλῷ
855 1433 1031 1492 ὕστερον
1061 1433 1190 1486 αὖθις
1219 1439 1262 1487 ές
1290 1436 1388 1486 τούς
1419 1437 1572 1480 Ουένε-

102 1501 203 1552 τούς
234 1501 511 1556 ὑποστρέψας
538 1501 703 1555 χαλεποὶ
737 1503 972 1544 ἐπεπόνθει.
1031 1502 1068 1545 οἱ
1100 1506 1239 1555 μέντοι
1277 1503 1485 1555 Οὖενετοί,
1514 1504 1572 1553 ὥς

43 1575 91 1610 20
103 1570 421 1624 προϊσχομένων
448 1571 534 1609 ταῖν
562 1571 607 1611 έν
634 1571 685 1625 τῇ
718 1572 1028 1628 Πελοποννήσῳ
1055 1570 1262 1625 Ἑλλήνων
1293 1585 1339 1612 τε
1379 1569 1469 1622 ἅμα
1499 1570 1573 1612 καί

102 1757 175 1780 una
203 1757 280 1780 cum
307 1746 398 1779 duce
422 1758 509 1790 suo;
546 1747 608 1793 qui
638 1747 912 1780 condicionibus
941 1747 1156 1793 quibusdam
1195 1747 1503 1782 intercedentibus
1532 1759 1570 1781 se

105 1793 257 1827 Venetis
279 1793 467 1836 dedidere,
497 1805 589 1840 quos
615 1795 709 1839 passi
737 1800 821 1828 sunt
845 1795 942 1827 abire
967 1796 1162 1828 inviolatos
1187 1801 1223 1828 et
1248 1796 1459 1828 incolumes.
1499 1795 1570 1828 hoc

101 1839 210 1874 modo
239 1841 299 1874 isti
337 1842 489 1874 exitium
530 1842 722 1874 imminens
764 1848 963 1875 evaserunt.
1016 1843 1147 1875 Veneti
1175 1844 1266 1885 Argo
1293 1842 1384 1882 urbi,
1411 1853 1504 1887 quae
1529 1843 1567 1875 in

102 1887 283 1921 dicionem
309 1893 480 1928 venerat,
514 1889 732 1932 praesidium
771 1890 1036 1933 imposuerunt,
1073 1890 1197 1922 relicto
1231 1889 1365 1921 ibidem
1397 1895 1435 1922 et
1463 1889 1565 1922 duce.

103 1934 165 1967 ubi
194 1934 396 1967 huiusmodi
423 1946 522 1967 casus
547 1936 697 1968 Venetis
724 1935 865 1971 accidit.
917 1942 955 1968 ut
980 1936 1074 1968 euim
1102 1936 1208 1980 potiti
1234 1941 1317 1968 sunt
1341 1939 1446 1979 Argo,
1477 1936 1567 1969 sub·

101 1982 278 2014 miserunt
312 1982 484 2014 auxilium
523 1981 614 2014 duce
656 1983 871 2025 Hieronymo
918 1982 962 2014 de
998 1983 1135 2015 familia
1176 1981 1454 2024 Bernardorum;
1507 1984 1564 2016 cui

102 2034 331 2074 praeceptum
378 2034 454 2062 erat
485 2034 524 2061 ut
565 2040 629 2073 per
655 2029 755 2062 littus
797 2029 988 2061 auxiliares
1015 2029 1147 2062 ducens
1173 2035 1338 2074 pergeret
1364 2033 1484 2072 Argos.
1534 2030 1565 2063 is

102 2081 311 2120 contempto
342 2076 494 2120 imperio
522 2077 747 2119 magistratus
773 2076 947 2108 auxiliare
973 2087 1098 2120 agmen
1134 2076 1234 2109 ducit
1262 2088 1328 2121 per
1350 2076 1566 2108 mediterra-

100 2132 206 2154 neam
232 2123 426 2166 regionem,
455 2123 524 2155 iter
547 2123 682 2155 faciens
712 2134 777 2168 per
817 2122 969 2155 radicem
999 2124 1143 2156 montis.
1194 2124 1245 2156 ibi
1274 2129 1348 2156 tum
1373 2124 1481 2155 Turni
1508 2124 1564 2156 lo·-

102 2180 181 2202 cum
206 2169 348 2202 insidiis
368 2175 672 2215 praeoccupantes
697 2171 735 2202 in
763 2170 893 2202 itinere
919 2170 1017 2215 quod
1046 2171 1115 2203 fert
1143 2172 1265 2215 Argos,
1289 2170 1563 2203 submittentes-

102 2226 174 2261 que
197 2217 292 2249 viros
318 2221 476 2255 centum,
504 2222 750 2262 expectarunt.
776 2218 804 2250 si
842 2227 911 2262 qua
938 2218 1078 2250 occasio
1105 2217 1252 2250 daretur
1279 2217 1474 2250 ulciscendi
1499 2218 1565 2249 Ar-

101 2263 213 2306 givos.
263 2269 302 2296 ut
326 2264 524 2308 conspicati
551 2269 635 2296 sunt
655 2265 909 2307 Hieronymum
935 2265 1004 2297 iter
1028 2265 1144 2297 metiri
1170 2276 1235 2309 per
1262 2264 1561 2297 mediterraneam

103 2310 296 2354 regionem,
320 2317 584 2354 praevenerunt
611 2311 744 2343 montis
773 2311 948 2348 radicem.
975 2317 1010 2344 et
1044 2316 1219 2355 occupato
1250 2312 1372 2344 littore
1398 2311 1563 2344 Veneto·

101 2367 176 2388 rum
204 2357 396 2390 auxiliares
422 2358 459 2390 in
486 2358 605 2390 medio
635 2358 854 2391 conclusere.
905 2358 989 2390 hinc
1009 2369 1051 2390 ex
1077 2358 1216 2391 insidiis
1246 2363 1459 2401 exurgentes
1488 2358 1562 2390 Ve-

101 2409 205 2436 netos
231 2404 401 2436 continuo
427 2405 464 2437 in
493 2405 611 2448 fugam
633 2406 831 2444 coniecere,
858 2406 968 2438 caesis
994 2405 1159 2438 ducentis
1185 2404 1411 2450 totidemque
1438 2405 1562 2450 captis.

102 2451 342 2493 Hieronymus
382 2451 463 2494 fuga
502 2453 615 2484 evasit
641 2452 854 2496 impendens
890 2452 1090 2484 discrimen.
1142 2453 1323 2495 ingressus
1352 2457 1470 2484 autem
1498 2462 1563 2484 na-

101 2507 194 2536 vem,
219 2508 313 2542 quae
337 2498 427 2530 forte
454 2510 496 2531 eo
522 2499 727 2544 appulerat,
759 2498 905 2532 dicebat
938 2510 975 2531 se
1004 2499 1048 2530 ab
1074 2499 1165 2532 duce
1191 2499 1330 2531 Veneto
1362 2498 1562 2539 advenisse,

102 2550 143 2576 ut
169 2544 453 2587 proficisceretur
493 2545 529 2578 in
555 2547 735 2588 Aeginam.
799 2552 838 2578 ut
862 2547 899 2578 in
927 2547 1096 2588 Aeginam
1122 2546 1238 2585 venit,
1264 2551 1408 2578 nautam
1435 2556 1561 2578 navem

103 2591 241 2622 solvere
267 2597 304 2624 et
329 2601 465 2623 cursum
495 2594 530 2624 in
556 2593 737 2625 Euboeam
760 2593 911 2636 dirigere
938 2593 1051 2625 iubet.
1102 2592 1234 2624 dehinc
1260 2603 1419 2636 egressus
1445 2598 1500 2624 est
1523 2592 1561 2625 in

102 2638 267 2677 Atticam,
300 2643 336 2671 et
364 2638 447 2671 inde
473 2639 519 2671 ad
546 2650 661 2682 regem
687 2641 757 2672 iter
782 2639 893 2672 flexit.

199 2685 230 2716 Is
257 2684 353 2717 haud
374 2685 489 2717 multo
517 2692 599 2730 post
629 2697 789 2719 reversus
813 2686 856 2718 ad
882 2685 1040 2717 Venetos
1072 2695 1193 2727 graves
1224 2696 1359 2729 poenas
1388 2685 1499 2730 spreti
1524 2690 1562 2718 et

103 2732 303 2776 contempti
343 2732 483 2776 imperii
526 2731 641 2766 dedit.
703 2733 829 2765 Graeci
868 2732 929 2776 qui
958 2737 1058 2763 erant
1083 2732 1119 2764 in
1145 2731 1406 2775 Peloponneso,
1434 2737 1471 2765 et
1498 2733 1561 2764 Al-

102 2776 202 2819 bani,
229 2788 372 2812 necnon
398 2777 566 2812 Rhasicus
596 2785 632 2812 et
662 2779 784 2813 Petrus
817 2778 997 2818 Claudus,
1038 2777 1135 2810 haud
1159 2778 1346 2811 cessabant
1373 2779 1559 2812 consulere
