1800 3172
286 187 377 234 144
612 195 828 236 LAONiCi
870 195 1374 237 CHALCOCONDYLAE

283 293 427 332 τεῦθεν
464 292 544 332 α’πό
579 294 749 333 Κελτῶν
781 296 968 344 βασιλεῖς
1019 293 1298 347 διαγενόμενοι
1338 294 1632 343 βασιλεύουσιν
1669 295 1713 335 ἐν

247 355 414 412 Βταύτῃ
456 358 505 411 τῇ
533 356 654 412 νήσῳ.
720 358 911 409 νέμονται
952 361 1092 409 μέντοι
1132 359 1203 398 καί
1242 356 1280 398 οἱ
1309 353 1493 412 ’Ἄραβες
1519 359 1645 412 μέρος
1674 374 1715 399 τι

281 421 354 473 τῆς
381 420 507 474 νήσου
536 419 692 474 ταύτης
731 423 804 463 καί
846 420 965 463 πόλιν
995 420 1306 476 Φαμαγούστην
1333 424 1598 476 καλουμένην.
1656 424 1716 478 τῷ

280 487 358 535 μὲν
391 479 463 525 οὖν
492 487 663 537 βασιλεῖ
689 487 892 540 Μέμφιος
919 501 961 527 τε
1003 490 1074 527 καί
1100 487 1321 538 Αἰγύπτου
1348 482 1528 538 πόλεμός
1557 490 1602 528 τέ
1629 489 1715 528 ἐστι

283 547 388 603 πρὸς
417 549 514 597 τοὺς
557 552 600 590 ὲν
640 551 692 605 τῇ
738 550 913 606 Ἀραβίᾳ
949 550 1021 591 καί
1057 550 1160 603 πρὸς
1189 549 1287 598 τούς
1327 551 1411 592 α’πὸ
1435 554 1507 605 τῆς
1535 551 1749 604 Λιβύης,,5

283 615 611 668 διαφερομένους
642 614 739 667 περὶ
781 617 854 667 γῆς
887 612 1021 669 ὅρων,
1050 617 1328 671 μαχεσαμὲνῳ
1358 614 1411 655 τά
1438 629 1483 656 τε
1512 610 1618 656 ἄλλα
1646 614 1718 656 καί

280 677 332 730 δη
363 709 372 718 .
403 709 412 718 .
445 711 455 722 .
491 709 500 718 .
531 681 744 720 Χαλὲπιον
785 680 830 719 δὲ
874 679 992 726 πόλις
1035 680 1147 735 αὐτῷ
1187 680 1230 720 ἐν
1270 681 1319 735 τῇ
1341 679 1461 735 Ἀσίᾳ
1485 677 1644 733 μεγάλη
1671 694 1715 720 τε

280 745 352 783 καί
375 743 588 795 εὐδαίμων
605 778 615 796 ,
654 746 726 784 καί
768 745 971 796 ἐμπορίαν
1005 745 1265 797 παρεχομένη
1313 744 1384 796 τῆς
1409 758 1454 784 τε
1477 742 1621 791 Ἀσίας
1647 746 1718 785 καί

280 805 499 859 Αἰγύπτου
528 811 599 848 καί
633 808 846 861 Ἀραβίας,
915 809 1064 855 ἵππους
1109 810 1155 849 δὲ
1194 809 1361 863 ἐκφέρει
1402 807 1428 861 ἦ
1457 808 1579 861 χώρα
1607 806 1714 860 αὕτη

277 870 502 924 γενναίους.
561 873 678 912 δοκεῖ
709 874 755 913 δὲ
786 875 856 912 καί
885 870 912 925 ἥ
936 888 978 913 τε
1017 870 1232 924 Αἴγυπτος
1260 871 1331 913 καί
1357 873 1382 925 ἧ
1414 872 1518 926 πρὸς
1547 871 1715 925 Λιβύην
1730 883 1771 915 10

276 933 399 989 χώρα
427 937 571 989 φέρειν
599 938 751 984 ἵππους
775 952 818 978 τε
849 935 1037 989 α’γαθους
1064 940 1136 977 καί
1162 939 1386 990 καμήλους.

420 1001 505 1054 Τὴν
534 1003 671 1052 μέντοι
703 1003 916 1054 Χαλεπίην
959 999 1074 1042 πόλιν
1112 999 1322 1055 Τεμὴρης,
1367 998 1436 1043 ὅτε
1467 999 1517 1055 δὴ
1551 1002 1622 1041 καί
1647 1000 1717 1042 ε’πί

238 1067 509 1118 calamonem
549 1063 843 1119 ἐστρατεύετο,
882 1065 1126 1119 ὑπηγάγετο.
1189 1069 1261 1106 καί
1288 1069 1426 1120 κοίλης
1455 1067 1610 1118 Συρίας
1638 1066 1714 1105 οὐκ

277 1131 423 1184 ὀλίγην
460 1129 606 1184 χώραν
648 1130 1035 1184 καταστρεψάμενος
1076 1129 1288 1184 ἀπεχώρει
1316 1132 1368 1172 δι’
1415 1132 1552 1172 αἰτίαν
1580 1129 1715 1185 τήνδε.

276 1195 298 1236 ὃ
326 1195 407 1249 γὰρ
439 1194 487 1248 δὴ
519 1198 592 1249 τῆς
618 1197 831 1248 Καταγίης
854 1194 1054 1245 βασιλεύς
1086 1197 1166 1235 τῶν
1201 1197 1317 1236 ἐννέα
1340 1194 1590 1247 καλούμενος
1624 1190 1712 1249 (οὗ-
1728 1205 1769 1238 15

276 1275 345 1308 τος
383 1262 420 1301 δ’
450 1256 500 1300 ἂν
539 1259 611 1300 καί
650 1259 671 1299 ὃ
712 1262 783 1312 τῆς
811 1260 965 1307 Ἰνδίας
1001 1257 1217 1314 βασιλευς)
1261 1257 1410 1311 διαβὰς
1437 1259 1510 1300 τόν
1537 1257 1713 1312 Ἀράξην

273 1325 346 1378 τήν
387 1340 430 1366 τε
465 1324 612 1378 χώραν
655 1325 863 1377 ἐπέδραμε
902 1325 976 1364 τοῦ
1012 1321 1234 1376 Τεμὴρεω,
1271 1323 1342 1364 καί
1379 1323 1622 1377 ἀνδράποδα
1658 1321 1713 1371 ὥς

275 1393 448 1430 πλεῖστα
481 1390 651 1442 ἀπάγων
691 1383 824 1444 ᾤχετο
853 1384 983 1436 αὖθις
1028 1389 1090 1429 ἐπ’
1128 1386 1243 1428 οἴκου
1273 1388 1518 1441 ἀποχωρῶν.
1586 1383 1714 1442 ἤγαγε

278 1455 324 1494 δὲ
352 1453 556 1508 στρατόν,
596 1448 624 1509 ᾗ
655 1457 841 1506 λέγεται,
883 1454 924 1500 ἐς
953 1452 1259 1505 τεσσαράκοντα
1287 1452 1358 1493 καί
1383 1450 1532 1494 ἑκατὸν
1559 1453 1715 1505 μυριά-

276 1520 364 1567 δας.
427 1517 617 1573 Τεμήρης
666 1520 711 1560 δὲ
757 1518 812 1566 ὥς
841 1513 990 1572 ἤλαυνε
1022 1515 1098 1570 τὴν
1123 1516 1347 1572 ταχίστην,
1370 1519 1443 1571 τῆς
1469 1519 1546 1569 μὲν
1569 1516 1770 1570 χώραςρο

276 1583 521 1638 ὑφιέμενος,
562 1586 619 1638 τῷ
663 1585 709 1624 δὲ
738 1586 867 1635 τείχει
907 1580 1165 1634 ἐπειγόμενος
1204 1582 1462 1637 διαφυλάξαι
1489 1578 1568 1623 ὅσα
1591 1597 1634 1622 τε
1664 1577 1713 1634 ἦν

277 1648 394 1703 αὐτῷ
436 1648 666 1700 ὁμοροῦντα
710 1647 784 1702 τὴν
812 1649 1014 1688 Χαταΐων
1054 1647 1228 1701 χώραν,
1274 1647 1346 1687 καί
1374 1649 1418 1687 ἐν
1456 1649 1506 1701 τῇ
1533 1647 1714 1700 Περσῶν

278 1708 406 1761 αὖθις
433 1712 503 1752 καί
526 1711 729 1765 Καμὸίων
759 1714 871 1767 α’ρχῇ
899 1711 974 1752 οὐκ
1019 1709 1133 1766 ἔφθη
1161 1711 1406 1764 καταλαβών
1429 1711 1496 1753 τὸν
1522 1713 1711 1764 βασιλέα.

374 1809 427 1866 16.Ι
457 1806 524 1852 ἦνἰ)

283 1921 358 1943 rum
385 1911 442 1942 isti
471 1911 607 1942 insulae
633 1910 831 1954 praefuere.
894 1911 999 1943 etiam
1024 1910 1157 1943 Arabes
1193 1910 1299 1943 huius
1334 1911 1470 1944 insulae
1495 1917 1629 1956 partem
1657 1917 1711 1945 te-

281 1961 389 1996 nent,
414 1967 555 1988 necnon
587 1955 848 2000 Phamagustam
884 1956 1007 1989 urbem
1037 1956 1163 2000 opibus
1187 1956 1381 1990 florentem.
1428 1962 1464 1990 et
1490 1968 1574 1990 sane
1598 1958 1711 1990 Mem-

284 2003 418 2046 phitico
444 2007 480 2034 et
498 2003 711 2046 Aegyptiace
739 2003 810 2045 regi
836 2002 970 2034 bellum
991 2007 1046 2035 est
1083 2002 1247 2036 adversus
1271 2002 1402 2036 Arabes
1427 2008 1464 2036 et
1490 2004 1602 2043 Afros,
1629 2015 1712 2049 pro-

281 2054 361 2092 pter
388 2049 541 2091 regionis
570 2050 700 2081 limites
724 2059 836 2092 usque
877 2047 1089 2081 dissidentes
1114 2053 1149 2081 et
1179 2049 1272 2081 inter
1296 2054 1431 2081 caetera
1459 2050 1563 2082 etiam
1586 2061 1711 2083 manus

283 2099 518 2127 conserentes.
582 2100 618 2126 et
658 2093 802 2137 quidem
828 2094 998 2138 Chalepia
1036 2094 1118 2126 urbs
1143 2094 1219 2126 eius
1244 2095 1281 2126 in
1305 2095 1384 2126 Asia
1407 2105 1528 2138 magna
1553 2100 1590 2128 et
1615 2095 1710 2128 dives

283 2151 402 2185 opum,
427 2150 558 2172 merces
592 2140 764 2183 praebens
797 2140 900 2172 Asiae
926 2145 961 2172 et
993 2140 1150 2172 Arabiae.
1199 2151 1309 2184 equos
1336 2141 1403 2174 ista
1429 2142 1522 2183 regio
1547 2141 1710 2185 producit

283 2197 452 2231 perquam
488 2196 684 2230 generosos.
741 2187 845 2218 etiam
887 2188 1090 2230 Aegyptus,
1122 2197 1259 2218 necnon
1290 2197 1329 2218 ea
1358 2187 1452 2230 regio
1478 2197 1569 2232 quae
1591 2198 1710 2220 versus

284 2232 427 2276 Libyam
454 2232 618 2271 excurrit,
642 2232 754 2274 gignit
780 2242 890 2276 equos
916 2242 1101 2274 generosos
1130 2237 1166 2264 et
1188 2232 1352 2264 camelos.

377 2278 581 2322 Chalepiam
615 2277 735 2310 urbem
762 2288 824 2309 suo
843 2277 999 2310 dominio
1025 2277 1154 2310 adiecit
1179 2278 1349 2318 Temires,
1377 2288 1453 2310 cum
1481 2288 1575 2310 arma
1598 2278 1709 2311 infer-

284 2330 338 2357 ret
362 2325 551 2364 Damasc03
598 2329 634 2356 et
663 2323 807 2356 subacta
832 2324 1054 2366 Coelesyriae
1086 2334 1159 2357 non
1199 2323 1334 2356 modica
1358 2325 1526 2367 regione,
1551 2323 1710 2358 discessit

284 2370 485 2403 huiusmodi
513 2381 613 2402 causa
640 2375 764 2402 motus.
813 2379 893 2402 nam
919 2369 1108 2413 Chatagiae
1134 2380 1204 2410 rex,
1227 2381 1317 2402 unus
1342 2369 1386 2402 de
1413 2379 1558 2403 numero
1584 2381 1708 2404 noveru

284 2417 422 2456 (lucum,
451 2417 554 2449 etiam
590 2415 712 2448 Indiae
749 2415 983 2458 imperitabat.
1046 2415 1103 2448 hic
1127 2416 1274 2448 Araxem
1308 2416 1462 2455 traiecit,
1487 2417 1709 2462 Temirisque

285 2463 462 2506 regionem
489 2467 642 2503 vastans,
666 2462 849 2505 mancipiis
875 2462 985 2505 captis
1011 2462 1181 2506 plurimis,
1210 2461 1350 2494 domum
1377 2461 1488 2494 rediit.
1537 2461 1628 2494 fama
1657 2467 1710 2495 eat

285 2520 366 2540 eum
390 2510 428 2541 in
454 2510 557 2541 armis
581 2507 745 2540 habuisse
769 2508 906 2539 circiter
919 2506 1151 2551 quadraginta
1177 2513 1212 2540 et
1235 2513 1374 2540 centum
1398 2505 1572 2550 myriades
1595 2507 1710 2540 homi-

284 2565 379 2587 num.
437 2555 596 2587 Temires
629 2559 747 2586 autem
776 2554 916 2596 regione
948 2553 1134 2593 excedens,
1171 2558 1208 2586 et
1230 2565 1328 2586 muro
1354 2554 1430 2586 loca
1459 2553 1707 2597 chatngiomm

285 2601 419 2643 regioni
455 2601 602 2633 finitima
642 2600 795 2638 firmans,
820 2609 922 2643 quam
954 2599 1135 2631 celerrime
1172 2599 1309 2632 hostem
1348 2601 1527 2632 insecutus
1551 2605 1614 2640 est,
1643 2611 1708 2632 nec

286 2658 364 2678 eum
391 2647 449 2678 vel
476 2648 511 2679 in
535 2648 713 2679 Persarum
742 2647 797 2679 vel
825 2646 859 2677 in
893 2644 1105 2678 Candiorum
1132 2655 1240 2688 regno
1264 2645 1430 2690 indipisci
1456 2646 1576 2678 valuit.
1627 2645 1708 2678 hinc

285 2693 461 2735 legatione
497 2693 599 2725 missa
640 2692 773 2725 bellum
807 2702 893 2736 pace
927 2695 1099 2724 mutatum
1138 2697 1214 2731 est,
1242 2702 1318 2724 cum
1357 2693 1392 2724 in
1418 2693 1534 2725 animo
1561 2692 1708 2736 agitaret
