1774 3204
236 186 330 230 530
553 184 770 226 LAONlCl
819 182 1325 225 CHALCOCONDYLAE

236 301 316 339 τον,
346 281 560 338 κρατύνειν
577 283 623 323 δὲ
641 280 713 321 καὶ
729 283 804 328 τὰς
820 282 863 321 ἑν
885 283 940 337 τῷ
960 281 1237 337 Ἑλλησπόντῳ
1257 282 1396 330 πόλεις
1415 283 1543 339 αὐτῷ,
1567 298 1666 323 ναυ-

235 350 347 391 τικὸν
377 349 663 400 παρεχομένας
699 346 748 385 ου’
777 344 964 399 σμικρόν.
1036 346 1166 386 ταῦτα
1195 347 1438 399 δειμάμενος
1463 346 1564 388 κατὰ
1594 346 1667 399 τὴν

238 412 440 465 Εὐρώπην
480 410 552 451 καί
575 413 717 451 Ἀσίαν
744 411 990 463 τηλεβόλους
1029 412 1207 463 καθίστη
1240 411 1280 458 ἐς
1309 406 1438 465 ἄμφω
1468 409 1520 452 τοὶ
1550 413 1667 451 πολί-

231 494 330 531 χνια
361 480 441 517 τῶν
470 477 671 529 μεγίστων
693 473 807 529 ἀμφὶ
832 473 929 522 τούς
956 473 1175 527 τριάκοντα
1195 473 1448 530 καίὲτέρους
1476 476 1550 516 οὐκ
1578 473 1668 515 ὀλί-

233 559 344 596 γους,
413 540 683 593 ναύσταθμον
727 541 772 582 δὲ
803 540 873 582 τὸν
913 539 1039 595 ταύτῃ
1073 539 1207 580 αὐτοῦ
1231 541 1371 593 χῶρον
1399 539 1700 594 ποιησάμενοιό

235 608 376 648 ου’δενί
405 609 672 658 ἐπιτρέπουσι
698 606 893 658 παριέναι
923 602 1004 645 ἔσω
1036 606 1078 652 ἐς
1100 603 1169 645 τὸν
1193 604 1495 660 Ἑλλήσποντον,
1524 602 1576 646 ἂν
1605 602 1663 658 μὴ

234 675 290 729 τῷ
328 670 458 728 ταύτῃ
504 671 680 726 ὑπάρχῳ
733 670 1023 722 ιίποβαίνοντες
1079 669 1378 724 ἐπιφαίνωνται
1433 669 1472 711 οἱ
1521 669 1666 711 πλέον..

235 754 301 786 τες
331 736 425 778 ἔσω.

349 803 494 844 Ταῦτα
522 803 600 852 μὲν
628 799 739 856 αὐτῷ
762 799 990 853 ἐπεποίητο,
1011 798 1068 847 ὥς
1095 799 1191 851 έμοί
1217 800 1340 854 δοκεῖ,
1370 798 1441 841 διὰ
1468 799 1539 841 τόν
1563 797 1668 852 πρὸς

106 876 141 909 P.
156 875 223 909 283
241 864 466 914 Ουένετούς
508 862 546 906 οἱ
574 862 769 915 ἐσόμενον
798 862 1000 918 πόλεμον,
1030 861 1078 904 ὃν
1109 862 1187 918 πρὸ
1234 865 1386 904 πολλοῦ
1412 878 1666 918 παρεσκευα-
1682 875 1725 909 10

238 929 406 984 ζόμενος
421 927 624 983 ἐπετήρει,
651 924 761 976 ὅπως
780 928 1076 981 ἀσφαλέστατα
1096 928 1212 985 αὐτῷ
1241 927 1313 970 τὸν
1342 925 1522 981 πόλεμον
1547 929 1671 982 ποιη-

237 1011 370 1037 σαιτο.
427 992 533 1035 α’λλιὶ
561 994 697 1035 ταῦτα
725 993 802 1045 μὲν
844 987 960 1032 οὔπω
999 993 1043 1033 ἐν
1069 994 1174 1034 τέλει
1204 989 1255 1046 ἦν
1286 993 1669 1045 παρεσκευασμένα,

136 1073 224 1106 1463
238 1058 300 1102 ὅτε
338 1060 411 1101 τὸν
438 1058 541 1113 πρὸς
589 1055 819 1105 Ουένετοὺς
856 1053 1064 1110 ἀράμενος
1097 1055 1275 1109 πόλεμον
1303 1054 1519 1109 ἐπολέμει·
1574 1055 1670 1098 τότε

239 1128 284 1167 δὲ
313 1124 601 1176 ἐπιγενομένου
643 1122 719 1162 τοῦ
757 1120 910 1174 θέρους
943 1119 1212 1174 ἐστρατεύετο
1250 1121 1321 1162 ἐπὶ
1346 1122 1573 1174 Ἰλλυριόυς
1602 1120 1674 1160 καί

237 1189 446 1242 Ἱλλυριῶν
472 1187 662 1239 βασιλέα.
718 1185 762 1226 τὸ
792 1186 868 1236 μὲν
898 1179 971 1225 οὖν
998 1187 1122 1226 τοῦτο
1147 1186 1260 1238 γένος
1275 1186 1469 1239 Ἰλλυριοὶ
1495 1182 1672 1226 παλαιόν
1689 1195 1730 1228 15

239 1271 283 1295 τε
310 1256 382 1293 καί
409 1254 450 1301 ές
478 1252 545 1293 τὸν
565 1249 710 1292 Ἰόνιον
736 1250 958 1307 ιίἶκημένον,
991 1247 1267 1304 εὗδοκιμῆσαί
1279 1265 1321 1291 τε
1350 1253 1539 1306 πολλαχῇ
1571 1249 1678 1290 ἄπο-

241 1315 554 1371 μνημονειὶεται.
627 1316 852 1355 καλοῦνται
896 1315 941 1355 δὲ
972 1308 1084 1355 οὗτοι
1111 1315 1160 1356 τὰ
1199 1316 1274 1356 νῦν
1301 1313 1469 1356 Βόσνοι.
1524 1315 1612 1356 ἄλλ’
1639 1311 1679 1354 οἶ

212 1399 214 1401 '
243 1385 319 1434 μέν
347 1379 571 1432 Δαλμάται
599 1380 670 1420 καί
684 1379 832 1420 Mvaoi
859 1374 947 1431 ἅμα
977 1381 1047 1419 καί
1069 1377 1293 1431 Τριβαλλοὶ
1317 1378 1389 1419 καί
1418 1376 1516 1434 πρός
1542 1393 1589 1432 γε
1616 1376 1680 1419 ἔτι

246 1444 467 1499 Σαρμάται
508 1442 667 1491 τούτοις
706 1444 861 1498 ταύτην
903 1444 1033 1484 ἵενται
1070 1442 1144 1497 τὴν
1182 1442 1326 1497 φωνήν
1365 1442 1438 1484 καί
1478 1445 1534 1500 τῷ
1561 1442 1684 1484 παντὶ

246 1511 551 1564 παραπλησίαν,
583 1505 640 1557 ὥς
666 1506 724 1561 μὴ
749 1510 943 1561 χαλεπαῖς
971 1508 1157 1548 συνιέναι
1184 1508 1370 1562 ἀλλήλων
1399 1507 1567 1556 αὐτούς.
1622 1508 1740 1552 εἷ-20

211 1574 315 1622 Βκὸς
345 1575 390 1614 δὲ
419 1572 582 1614 οἴεσθαι
613 1571 781 1620 τούτους
806 1573 965 1624 μᾶλλον
981 1571 1250 1626 ὡρμημένους
1273 1571 1354 1613 ἀπὸ
1385 1575 1460 1627 τῆς
1486 1571 1591 1627 πρὸς
1613 1570 1686 1614 τὸν

245 1636 389 1681 Ἰόνιον
413 1639 580 1691 χώρας,
627 1632 743 1690 γένος
774 1651 818 1677 τε
846 1632 894 1676 ὂν
921 1639 1029 1690 μέγα
1056 1635 1129 1676 καί
1154 1637 1342 1692 πολλαχῇ
1375 1637 1683 1689 ἑνευδοκιμοῧν,

252 1705 372 1758 τὴντε
405 1702 574 1758 Θρᾴκην
601 1700 842 1755 ὑπάγεσθαι
870 1704 1017 1756 σφίσιν
1045 1702 1198 1755 αὐτοῖς,
1225 1701 1382 1743 καὶτὸν
1398 1696 1560 1757 Ἴστρον
1591 1702 1688 1743 δια-

258 1912 363 1944 criter
387 1909 599 1942 tutabantur
623 1908 728 1941 urbes
753 1908 791 1940 in
810 1907 1044 1952 Hellesponto
1067 1908 1164 1947 sitas,
1189 1907 1400 1951 praebentes
1428 1908 1575 1942 classem
1596 1907 1692 1942 baud

260 1955 526 2001 aspernandam.
576 1956 614 1987 in
638 1955 733 1987 hunc
763 1953 906 1987 modum
934 1959 1105 1987 terrorem
1132 1954 1270 1986 Asianis
1302 1959 1339 1986 et
1374 1954 1567 1999 Europaeis
1589 1955 1694 1988 incu-

261 2006 367 2043 tiens,
389 2003 450 2047 qui
466 2013 546 2034 eum
575 2007 729 2044 augeret,
753 2001 790 2032 in
814 2005 998 2045 utramque
1024 1999 1146 2032 urbem
1163 1999 1374 2032 bombardas
1395 2001 1530 2034 invexit
1554 2001 1693 2034 circiter

264 2051 410 2093 triginta
434 2049 615 2088 maximas,
642 2052 678 2080 et
702 2047 791 2078 alias
817 2057 889 2079 non
907 2057 1046 2090 paucas.
1096 2045 1140 2078 ad
1166 2046 1254 2078 haec
1282 2058 1360 2078 cum
1386 2052 1527 2091 portum
1551 2046 1603 2079 ibi
1629 2058 1694 2092 pa-

266 2101 402 2129 rassent
425 2095 544 2133 Turei,
569 2094 661 2126 nulli
689 2094 821 2125 intrare
843 2093 1117 2136 Hellespontum
1133 2092 1385 2133 concedebant,
1408 2093 1477 2125 nisi
1502 2093 1602 2137 prius
1628 2093 1696 2126 de-

266 2142 485 2175 scendissent
510 2140 659 2172 navibus
686 2145 723 2172 et
755 2149 792 2170 se
830 2138 896 2171 loci
926 2139 1106 2183 praefecto
1131 2138 1377 2171 exhibuissent
1406 2138 1602 2172 visendum.

355 2187 472 2232 Opera
492 2186 578 2218 haec
593 2185 685 2218 baud
702 2185 811 2217 dubie
830 2184 914 2217 fecit
931 2190 1077 2229 propter
1094 2185 1227 2216 bellum
1242 2185 1337 2228 quod
1353 2190 1512 2227 gesturus
1527 2189 1602 2218 erat
1617 2196 1696 2217 cum

268 2234 426 2273 Venetis,
444 2232 489 2265 ad
511 2232 606 2277 quod
622 2243 658 2264 se
675 2230 921 2276 praeparabat,
947 2237 986 2263 ut
1001 2231 1030 2263 si
1045 2231 1235 2273 ingrueret,
1261 2242 1362 2274 quam
1381 2231 1552 2264 tutissime
1577 2232 1636 2264 isti
1659 2241 1697 2264 se

269 2281 517 2313 committeret.
546 2283 582 2311 at
597 2289 686 2323 quae
705 2278 1050 2310 commemoravimus
1071 2287 1176 2320 opera
1198 2277 1315 2310 omnia
1332 2277 1399 2309 iam
1417 2282 1518 2310 erant
1533 2276 1698 2311 absoluta

270 2332 306 2359 et
331 2326 376 2358 ad
402 2326 507 2358 finem
534 2324 717 2369 perducta,
742 2334 819 2355 cum
854 2323 989 2355 bellum
1016 2322 1179 2355 adversus
1203 2322 1360 2355 Venetos
1383 2323 1592 2367 susciperet.
1639 2334 1701 2356 ae-

270 2378 361 2406 state
388 2377 507 2404 autem
529 2382 569 2403 ea
594 2381 684 2415 quae
710 2369 936 2414 sequebatur,
959 2369 1056 2401 bello
1083 2368 1276 2401 lacessebat
1300 2369 1456 2412 illyricos
1482 2375 1518 2402 et
1538 2370 1700 2413 Illyrico—

273 2431 348 2452 rum
380 2429 506 2462 regem.
555 2428 664 2460 genus
690 2415 756 2448 hoc
781 2415 963 2448 hominum
998 2414 1183 2459 antiquum
1218 2420 1292 2455 est,
1319 2421 1355 2448 et
1379 2417 1560 2459 regionem
1580 2426 1700 2449 versus

272 2466 411 2498 Ionium
437 2469 653 2508 spectantem
680 2462 838 2495 incolens
868 2461 1076 2506 plerumque
1111 2461 1155 2492 ad
1178 2472 1336 2504 magnam
1367 2462 1562 2495 claritatem
1586 2473 1702 2494 acces-

273 2513 358 2544 sisse
384 2510 603 2555 perhibetur.
653 2509 758 2552 vulgo
785 2519 879 2540 nunc
896 2508 999 2540 Bosni
1026 2513 1205 2540 vocantur.
1254 2519 1373 2540 verum
1391 2509 1597 2547 Dalmatae,
1622 2509 1701 2550 My—

275 2558 330 2597 sii‚
353 2557 527 2597 Triballi,
555 2557 663 2588 etiam
699 2556 898 2594 Sarmatae,
937 2553 1059 2586 eadem
1097 2554 1171 2585 fere
1210 2559 1356 2586 utuntur
1380 2555 1522 2596 lingua,
1546 2559 1608 2587 aut
1629 2565 1703 2586 non

275 2604 423 2636 multum
451 2603 628 2641 dissimili,
657 2607 694 2634 ut
719 2612 791 2633 non
815 2599 1001 2632 difficulter
1027 2610 1063 2632 se
1096 2605 1219 2632 mutuo
1252 2600 1465 2643 intelligant.
1514 2601 1703 2633 verisimile

277 2655 395 2682 tamen
419 2655 473 2681 est
498 2650 578 2682 illos
612 2649 789 2692 profectos
815 2647 859 2678 ab
885 2646 1029 2690 regione
1067 2657 1157 2690 (luae
1184 2657 1300 2678 versus
1327 2645 1466 2679 lonium
1492 2652 1601 2690 patet,
1626 2657 1704 2678 cum

277 2697 381 2740 pauci
410 2706 554 2728 numero
580 2696 773 2728 existerent
798 2699 833 2726 et
854 2692 985 2738 ubique
1009 2692 1111 2725 rebus
1139 2692 1277 2725 fortiter
1297 2693 1404 2737 gestis
1426 2693 1706 2732 inclarescerent,
