1748 3210
204 197 223 236 1
233 193 294 238 88
530 193 747 235 LAONICI
790 194 1296 237 CHALCOCONDYLAE

198 298 446 345 ναυμαχεῖν.
465 294 723 345 ἐπολέμησαν
742 294 787 333 δὲ
807 288 922 333 οὗτοι
937 292 1039 345 πρός
1058 309 1097 334 τε
1115 290 1427 346 τοὺςἛλληνας,
1446 291 1518 333 καὶ
1532 307 1633 333 ναυ-

196 360 372 410 μαχιάις
387 355 688 410 περιγενόμενοι
708 357 779 411 τήν
794 373 837 398 τε
850 355 1102 412 μητρόπολιν
1115 355 1388 412 ἐχειρώσαντο
1407 354 1631 408 ἐπισπομέ-

197 438 277 462 νων
295 424 416 476 σφίσι
439 421 510 461 καί
525 417 727 475 ἑσπερίων
746 425 922 475 συχνῶν,
941 424 1221 476 ἐξηγουμένων
1241 424 1275 463 δ’
1295 416 1431 462 αὗτῶν
1449 420 1517 462 ἐπὶ
1534 419 1632 469 τους

85 491 126 524 V.
142 484 399 540 79Ἕλληνας.
464 484 536 527 ’καί
563 485 619 533 ὥς
646 487 716 539 τῆς
745 486 915 540 ἤπείρου
944 487 1194 539 ἀντέχεσθαι
1223 483 1421 540 ἤρξαντο,
1452 483 1496 526 ἐν
1522 488 1630 539 βρα-

157 557 270 604 Οχεῖ
291 550 341 604 δή
367 550 512 604 χώραν
551 552 622 603 τῆς
661 551 835 604 ἠπείρου
874 550 1099 605 ἐκτήσαντο
1138 550 1328 605 ἀγαθήν,
1370 552 1445 591 καί
1471 548 1660 604 ὀχυρὰνὸ

196 616 270 669 τήν
313 613 433 656 πόλιν
468 615 609 656 αὐτῶν
654 619 920 668 παρείχοντο,
959 618 1048 656 κατ’
1091 611 1219 670 ἄμφω
1264 613 1321 656 τώ
1353 612 1531 667 δυνάμεε
1560 615 1630 656 ἐπὶ

196 682 302 732 μέγα
329 675 529 730 αὔξοντες.
594 680 697 735 πρός
723 696 766 722 τε
802 680 896 728 τούς
937 683 1008 734 τῆς
1044 683 1218 734 ἠπείρου
1256 677 1459 735 ἡγεμόνας
1500 680 1627 719 ὃιενε·

195 748 370 798 χθέντες
397 746 654 798 ἐπολέμησαν
688 743 758 785 ἐπί
784 744 936 793 πολλὰς
970 744 1110 798 γενεὰς
1132 743 1202 786 τὸν
1228 744 1416 796 πόλεμον,
1447 742 1516 784 καί
1544 743 1627 783 διέ-

194 825 324 864 φερον
350 807 578 862 χρημάτων
607 807 797 864 προσόδῳ
827 808 898 862 τήν
941 808 1060 850 πόλιν
1088 806 1272 863 μεγάλην
1299 806 1459 856 ἑαυτοῖς
1491 822 1627 859 παρα-

193 871 510 925 σκευασάμενοι.
566 873 672 926 μετὰ
706 875 749 914 δὲ
779 875 910 914 ταῦτα
951 874 1023 915 καί
1047 874 1127 914 ὑπὸ
1154 876 1382 927 βαρβάρων
1408 875 1624 927 βασιλέως,
1639 880 1681 914 10

192 941 264 991 τῆς
291 939 462 986 ’[ταλιάς
489 936 592 991 πρὸς
624 937 803 992 ἑσπέραν
829 939 985 994 χώρας,
1019 938 1152 994 [πρὸς]
1193 938 1264 979 τόν
1287 936 1448 992 Ῥώμης
1476 938 1627 992 ἀρχιε-

193 1005 269 1055 ρέα
299 1003 523 1044 ἐκπεσόντα
536 1019 578 1044 τε
606 1005 676 1057 τῆς
704 1003 837 1057 ἀρχῆς
865 1004 936 1044 καί
962 1006 1034 1058 τῆς
1054 1003 1274 1055 Ῥωμαίων
1303 1002 1471 1056 πόλεως,
1497 1001 1627 1056 κατή-

190 1067 317 1123 γαγόν
346 1084 390 1110 τε
418 1067 488 1110 τὸν
518 1068 742 1122 ἀρχιερέα,
785 1068 856 1109 καί
883 1067 987 1121 πρὸς
1026 1068 1099 1110 τὸν
1125 1070 1300 1120 βασιλέα
1324 1066 1626 1121 πολεμήσαντες

191 1131 299 1176 ὥστε
337 1132 578 1185 ἐμπεὸὤσαι
617 1135 672 1188 τῷ
709 1134 903 1187 ἀρχιερεῖ
935 1132 1007 1186 τήν
1036 1133 1192 1187 ἀρχήν,
1221 1132 1435 1189 ναυμαχία
1461 1148 1503 1174 τε
1533 1135 1626 1173 ἐπε-

191 1197 398 1252 κράτησαν
426 1196 498 1238 καί
524 1198 763 1251 κατήγαγον.
797 1201 868 1238 καί
893 1195 996 1252 πρὸς
1022 1213 1064 1239 τε
1091 1197 1188 1245 τούς
1217 1198 1429 1250 Ἰανυΐους,
1455 1199 1623 1238 δοκοῦν-
1639 1203 1680 1236 15

190 1279 266 1312 τας
294 1265 366 1317 τῆς
393 1261 499 1303 κατὰ
526 1262 576 1303 τοὶ
603 1265 742 1316 χωρία
785 1265 916 1304 ἐκεῖσε
945 1264 1017 1303 καί
1042 1262 1113 1316 τήν
1141 1261 1325 1316 πάραλον
1355 1265 1425 1315 τῆς
1450 1262 1625 1310 Ἰταλίας

146 1329 446 1380 Βέπικρατεῖν,
475 1325 651 1378 πόλεμον
681 1326 955 1380 ἐξενεγκόντες
992 1328 1153 1380 μεγάλα
1182 1323 1482 1377 ἀποδείξασθαι
1512 1324 1625 1380 ἔργα,

187 1392 375 1448 πολλαχῇ
416 1391 834 1446 διαναυμαχήσαντες
871 1391 943 1432 καί
983 1393 1299 1445 περιγενόμενοι.
1386 1386 1500 1432 οὗτοι
1539 1406 1624 1433 τοι·

187 1460 344 1511 γαροῦν
375 1457 446 1498 τὸν
474 1454 578 1510 πρὸς
614 1455 712 1504 τούς
744 1456 971 1504 Ουένετοὺς
1007 1457 1186 1508 πόλεμον
1214 1454 1508 1508 ἀναιρούμενοι
1538 1455 1624 1496 du·

185 1537 263 1574 γου
294 1524 381 1563 δεῖν
407 1522 481 1575 τήν
519 1520 638 1562 πόλιν
667 1520 796 1574 αι”τήν
825 1521 1129 1574 ἐχειρώσαντο,
1160 1519 1482 1569 ἐπιπλεύσαντες
1506 1518 1680 1575 ‘coni-20

187 1602 279 1640 ρεσι
310 1589 380 1628 καί
423 1588 571 1628 ναυσίν
608 1587 678 1628 ἐπί
720 1589 799 1627 τῶν
832 1587 1040 1628 Ουἐνετῶν
1068 1588 1242 1639 λιμένα,
1271 1587 1343 1625 καί
1367 1585 1622 1635 εἰσελθόντες

187 1651 294 1694 κατὰ
342 1651 388 1694 τὸ
421 1653 491 1693 ἑπί
531 1650 730 1706 Κλιζόην.
788 1651 904 1699 πόλις
942 1653 988 1692 δὲ
1019 1652 1157 1693 αὐτῶν
1186 1652 1379 1705 οἰκεῖται,
1411 1648 1489 1707 ὅπῃ
1519 1649 1567 1704 δή
1599 1650 1621 1690 ὅ

278 1762 310 1795 5.
338 1762 377 1797 δὲ
400 1763 423 1796 Ρ
537 1762 570 1795 8.
594 1762 730 1808 γενεάς,
753 1764 815 1796 καὶ
842 1761 1018 1808 διέφερον
1042 1756 1106 1797 τὸν
1131 1759 1320 1807 πόλεμονῗ

189 1879 286 1925 poris
313 1879 476 1912 homines
500 1879 635 1912 bellum
661 1891 814 1920 movere,
842 1879 903 1913 sed
931 1885 1052 1912 contra
1083 1879 1300 1922 alienigenas
1325 1889 1419 1911 arma
1445 1878 1618 1911 ferebant.

189 1937 284 1958 arma
310 1926 413 1958 etiam
440 1928 664 1971 arripuerunt
688 1933 808 1960 contra
833 1927 998 1966 Graecos,
1037 1937 1127 1970 quos
1151 1926 1265 1958 navali
1293 1925 1427 1969 praelio
1450 1926 1619 1964 vicerunt,

189 1982 383 2016 eorumque
407 1973 635 2017 metropolim
660 1973 888 2016 subegerunt,
916 1983 992 2004 cum
1012 1973 1157 2017 plurimi
1175 1971 1422 2004 Occitlentales
1449 1971 1533 2015 ipsis
1558 1971 1620 2003 ad·-

188 2019 427 2062 iungerentur.
456 2021 575 2063 copias
598 2025 715 2051 tamen
737 2031 812 2051 cuni
839 2019 1010 2051 ducerent
1033 2018 1198 2050 adversus
1221 2018 1390 2057 Graecos,
1414 2019 1620 2050 continente

187 2077 260 2098 non
273 2064 490 2105 abstinuere,
503 2076 624 2097 verum
650 2066 826 2108 regionem
843 2065 918 2097 eius
940 2077 1010 2097 non
1040 2064 1212 2096 modicam
1229 2070 1264 2096 et
1279 2064 1446 2108 optimam
1463 2074 1546 2095 suae
1561 2063 1620 2095 di-

187 2111 282 2144 cioni
303 2112 460 2143 iunxere.
488 2111 608 2143 urbem
625 2123 768 2156 quoque
794 2123 889 2144 suam
918 2111 1186 2143 munitissimam
1202 2111 1418 2154 praestitere,
1443 2119 1520 2141 cum
1543 2119 1618 2141 eam

185 2158 304 2190 navali
343 2156 569 2202 pedestrique
599 2159 761 2201 potentia
794 2159 985 2190 auxissent.
1023 2156 1218 2189 discordiae
1247 2156 1331 2200 ipsis
1350 2156 1619 2188 intercesserant

185 2215 263 2237 cum
275 2203 372 2248 Epiri
397 2203 558 2236 ducibus.
578 2203 726 2247 proinde
749 2203 785 2235 id
804 2204 936 2236 bellum
960 2204 1098 2246 longius
1121 2202 1270 2235 duravit.
1289 2201 1419 2246 opibus
1437 2201 1618 2234 excellen-

186 2256 251 2291 tes,
265 2250 444 2283 civitatem
461 2261 556 2282 suam
572 2261 731 2293 magnam
750 2250 979 2282 reddiderunt
997 2261 1102 2293 opum
1121 2259 1272 2280 accessu.
1298 2253 1480 2292 praeterea
1497 2248 1619 2291 ponti-

186 2296 286 2330 ficem
315 2297 500 2328 maximum
527 2298 734 2336 Romanum,
755 2297 857 2329 ltalia
875 2298 1052 2340 Romaque
1078 2296 1219 2339 pulsum
1234 2294 1278 2326 ab
1295 2304 1375 2337 rege
1400 2293 1562 2333 barbaro,
1574 2293 1619 2325 {ul

186 2343 430 2388 pontificatum
446 2347 483 2375 et
499 2343 682 2387 imperium
699 2342 925 2382 reduxerunt,
941 2342 1033 2374 victo
1048 2341 1195 2373 barbaro
1215 2341 1330 2373 navali
1345 2339 1491 2384 praelio.
1513 2341 1617 2372 etiam

185 2389 351 2422 adversus
379 2390 580 2428 Ianuenses,
606 2389 666 2433 qui
695 2389 855 2431 regiones
876 2387 1044 2432 quasdam
1064 2387 1168 2419 isthic
1197 2392 1231 2419 et
1255 2386 1466 2419 maritimam
1493 2386 1618 2418 Italiae

186 2447 281 2468 oram
308 2441 430 2468 tenere
457 2435 680 2475 videbantur,
705 2434 802 2467 bello
831 2439 1006 2479 petentes,
1035 2433 1186 2477 plurima
1210 2433 1371 2466 militaris
1395 2432 1538 2464 virtutis
1563 2431 1617 2464 fa-

185 2487 243 2515 cta
266 2481 447 2522 edebant,
470 2482 678 2526 plerumque
714 2481 840 2526 pugnis
878 2479 1063 2513 navalibus
1100 2480 1280 2512 victoriam
1319 2478 1535 2511 obtinentes.
1582 2483 1619 2511 at

186 2530 377 2561 lanuenses
414 2528 550 2560 bellum
589 2528 754 2560 adversus
794 2527 948 2559 Venetos
985 2531 1186 2564 sumentes,
1211 2523 1466 2570 propemodum
1492 2524 1618 2556 horum

186 2574 309 2607 urbem
335 2574 374 2607 in
399 2574 618 2607 deditionem
645 2579 868 2618 acceperunt,
894 2572 1043 2605 navibus
1069 2577 1105 2604 et
1128 2572 1330 2604 triremibus
1359 2570 1617 2614 adnavigantes,

187 2626 224 2654 et
248 2632 370 2654 eorum
394 2626 536 2665 portum
563 2627 798 2665 occupantes,
823 2619 967 2662 ingressi
994 2629 1035 2650 eo
1065 2618 1132 2651 loci
1162 2618 1222 2650 ubi
1248 2618 1367 2651 Clizoe
1394 2617 1465 2649 sive
1492 2615 1617 2648 Clodia

188 2667 281 2700 fossa
307 2672 370 2700 est.
421 2667 503 2699 urbs
522 2667 739 2700 Venetorum
767 2666 832 2699 sita
860 2676 902 2697 eo
927 2665 994 2698 loci
1021 2664 1082 2697 ubi
1110 2664 1204 2696 lacus
1233 2664 1305 2696 sive
1333 2668 1455 2708 portus
1470 2673 1616 2706 magnus

187 2714 326 2754 visitur,
350 2713 412 2758 qui
438 2714 562 2758 longus
589 2712 712 2746 stadiis
738 2712 939 2758 quingentis
966 2711 1145 2755 regionem
1173 2710 1325 2743 Eridano
1350 2708 1534 2742 finitimam
1563 2713 1616 2741 at-
