1774 3204
259 173 355 221 498
589 176 806 216 morum
847 175 1353 218 cuALcocoNDYLAE
1383 159 1388 164 ’

256 277 457 329 βασιλέως
491 270 516 327 ἢ
546 271 567 313 ὃ
598 273 766 324 ἀνεψιὸς
795 275 940 326 αὐτοῦ,
973 274 1029 321 ὥς
1056 272 1229 327 εἴρηται,
1257 275 1453 329 ἄφιξηται
1485 276 1587 328 πρὸς
1614 274 1688 330 τὴν

257 343 475 382 δέσποιναν
501 336 577 390 τὴν
608 343 784 388 γυναῖκα
816 340 887 378 τοῦ
917 339 1105 389 ΙΙἸακροῦ
1133 337 1311 392 Χασάνη
1338 334 1479 380 οὖσαν.
1535 342 1688 392 ἐκεχεί-

255 419 346 458 ρισε
365 406 411 444 δὲ
430 403 562 443 ταῦτα
579 399 628 442 τοὶ
655 399 880 454 γράμματα
913 401 935 441 ὅ
965 402 1334 456 πρωτοβεστιάριος
1361 402 1568 457 Γεοᾶργιος
1595 405 1685 445 ἐπι-

253 468 390 523 τρόπῳ
419 462 551 507 τᾶλλα
589 467 758 521 ἀγαθῷ,
785 462 895 514 ὅπως
922 466 1148 521 φανήσεται
1176 466 1199 507 ὅ
1223 465 1421 520 βασιλευς
1447 470 1507 516 εἰς
1533 469 1685 509 πίστω-

254 548 320 572 σιν
350 530 450 578 ἴσως
479 531 660 583 ἀγαθήν,
689 531 760 571 καί
787 525 922 579 ἄλλως
952 533 1018 572 ἵνα
1039 529 1095 583 μὴ
1120 533 1309 587 α’κουσθῇ
1331 533 1402 574 καί
1426 536 1523 584 παρ’
1548 527 1716 575 ἅλλωνὸ

253 592 364 642 ὅπως
392 591 413 634 ὃ
441 593 814 648 πρωτοβεστιάριος
853 593 1010 648 ἔκρυψε
1045 599 1195 647 τοῦτο,
1239 592 1495 650 φοβούμενος
1542 595 1612 638 τόν
1639 611 1682 638 τε

121 671 154 703 P.
172 670 240 704 265
255 659 435 713 αὖθὲντη
463 659 533 700 τὸν
563 662 694 712 μέγαν
725 661 796 700 καί
830 659 899 700 τὸν
929 658 1083 701 πάσιαν
1112 659 1437 715 Μαχουμούτη,
1464 663 1537 719 καί
1564 659 1681 717 πάθῃ

250 728 386 773 κακῶς
414 726 435 764 ὃ
464 723 842 777 πρωτοβεστιάριος
885 725 998 778 παρὰ
1029 726 1105 765 τοῦ
1130 724 1316 778 μεγάλου,
1338 726 1560 767 αὕθέντου.
1615 727 1687 766 καί

251 792 321 832 διὰ
347 791 465 832 τοῦτο
495 791 646 830 δέδωκε
691 791 762 830 καί
799 787 871 829 τὸν
908 787 1068 842 χάρτην
1093 789 1197 842 πρὸς
1227 789 1299 831 τὸν
1329 795 1457 843 μέγαν
1488 792 1681 844 αόθὲντη.

250 855 301 895 τὰ
331 857 407 907 μὲν
448 850 522 895 οὖν
556 853 780 906 γράμματα
811 852 1027 905 δεξάμενος
1067 853 1088 893 ὅ
1119 853 1316 906 βασιλεὺς
1343 857 1414 895 καί
1438 853 1518 911 νόῳ
1547 853 1684 907 λαβών
1700 859 1741 893 10

249 922 472 960 καθίστατο
501 920 543 965 ἐς
568 915 779 969 ὑποψίαν,
819 915 891 957 καί
926 917 1078 964 αὐτοὺς
1116 919 1334 971 συλλαβών
1371 917 1440 960 τόν
1476 934 1519 959 τε
1548 919 1690 971 Δαβίδ

247 985 423 1039 βασιλέα
441 985 513 1024 καί
537 982 629 1030 τούς
648 980 766 1030 υἱούς
792 982 921 1023 αὐτοῦ
941 981 1020 1022 σὺν
1044 984 1099 1038 τῷ
1116 983 1274 1039 α’νεψιῷ
1293 987 1496 1038 καθεῖρξε.
1525 983 1596 1025 καὶ
1610 981 1687 1038 τήν

253 1053 330 1101 μὲν
347 1052 563 1102 θυγατέρα
580 1050 622 1095 ἐς
649 1048 819 1087 κοιτῶνα
848 1042 960 1102 αῧτῷ
989 1049 1296 1102 μετεπέμψατο,
1325 1048 1432 1102 ἔχων
1459 1051 1504 1092 δὲ
1533 1048 1687 1096 αότοὺς

251 1116 294 1155 ἐν
310 1115 467 1164 πέδαις,
497 1114 549 1151 ου’
578 1112 711 1167 πολλῷ
739 1108 914 1164 ὕστερον
937 1110 1162 1163 α’παγαγών
1190 1114 1231 1160 ἐς
1248 1111 1484 1163 Βυζάντιον
1515 1111 1687 1166 διεχρή-

250 1194 362 1221 σατο.
419 1176 516 1223 τούς
542 1179 679 1228 μέντοι
711 1177 866 1222 παῖδας
891 1173 991 1222 τούς
1021 1174 1100 1214 αἠὁ
1122 1167 1278 1225 ἄστεως
1305 1176 1375 1218 καί
1392 1176 1472 1218 α’πὸ
1503 1180 1585 1219 τῶν
1614 1193 1684 1218 πε-
1697 1184 1739 1217 15

254 1244 422 1295 ριοι’κων
448 1243 618 1294 χωρίων
645 1239 742 1287 τούς
768 1241 845 1290 μὲν
866 1241 1068 1292 νεήλυδας
1084 1238 1308 1290 ταξάμενος
1329 1244 1524 1283 κατέθετο
1541 1243 1583 1291 ἐς
1611 1240 1684 1283 τὸν

212 1321 234 1351 Β
252 1306 406 1348 ἑαυτοῦ
436 1306 616 1358 κοιτῶνα,
645 1303 742 1351 τούς
771 1305 806 1344 δ’
831 1300 981 1352 ἄλλους
1010 1305 1052 1344 ἐν
1079 1311 1163 1351 τοῖς
1189 1304 1345 1346 ἑαυτοῦ
1371 1304 1683 1360 ἐπιτηδεύμασι,

245 1370 343 1418 τούς
372 1371 408 1410 δ’
437 1364 587 1416 ἄλλους
605 1364 891 1421 ἄηεχαρίσατο
919 1373 1000 1415 τοῖς
1019 1368 1123 1415 υἱοῖς
1141 1369 1273 1410 αὑτοῦ
1292 1369 1362 1410 καί
1380 1376 1464 1417 τοῖς
1490 1366 1683 1423 ἄρχουσι.

246 1433 321 1481 τὰς
354 1435 399 1474 δὲ
429 1431 553 1485 κόρας
587 1431 661 1480 τοὶς
700 1434 776 1483 μὲν
813 1435 855 1473 ἐν
893 1438 976 1479 τοῖς
1014 1432 1145 1472 αὑτοῦ
1179 1435 1343 1474 κοιτιόσι
1367 1438 1579 1486 κατέθετο,
1608 1433 1686 1484 τὰς

252 1500 298 1539 δὲ
329 1499 637 1550 α’πεχαρίσατο,
677 1499 751 1536 καί
773 1511 886 1543 τινας
925 1496 967 1545 ἐξ
997 1497 1135 1537 αυ’τώ’ν
1171 1502 1257 1544 τοῖς
1287 1495 1393 1546 υἱοῖς
1419 1499 1551 1540 αὑτοῦ
1578 1499 1682 1541 α’νιε-
1694 1508 1740 1543 20
1765 1527 1768 1530 ι

251 1566 449 1614 στέλλετο,
479 1564 590 1608 ἐνιάς
619 1563 655 1602 d'
683 1559 728 1602 ἔν
757 1576 837 1601 τινι
867 1561 990 1618 ὀλίγῳ
1018 1563 1149 1618 καιρῷ
1177 1562 1248 1602 καί
1275 1562 1604 1616 ὑπανδρεύσατο.

153 1638 240 1673 1461
368 1629 453 1669 Τοῦ
483 1628 625 1679 μέντοι
652 1627 855 1678 χειμῶνος
876 1625 1019 1667 τούτου
1047 1626 1246 1678 βασιλεύς
1278 1629 1501 1681 διατρίβων
1529 1630 1573 1670 ἐν
1600 1634 1682 1678 τοῖς

255 1812 359 1844 batur
379 1816 418 1844 ut
451 1822 541 1843 unus
574 1821 617 1842 ex
646 1810 729 1842 filiis
764 1810 851 1852 regIs
888 1810 1029 1842 Davidis
1060 1815 1120 1842 aut
1144 1811 1319 1854 patruelis
1347 1812 1442 1852 eius,
1478 1818 1516 1846 ut
1547 1813 1678 1848 dictum

255 1865 320 1899 est,
346 1858 483 1891 veniret
510 1856 555 1889 ad
582 1856 770 1896 dominam,
794 1867 885 1901 quae
912 1868 1000 1888 uxor
1023 1862 1098 1889 emt
1123 1857 1289 1890 Chasanis
1315 1858 1437 1901 Longi,
1461 1859 1682 1894 tradiderant

256 1906 339 1948 regi.
389 1915 469 1936 nam
495 1903 629 1936 litteras
653 1903 736 1935 istas
765 1902 865 1935 dedit
899 1904 1184 1946 protovestiarius
1211 1904 1385 1948 Georgius
1410 1907 1574 1946 curatori,
1601 1918 1679 1940 mo-

256 1951 351 1983 ribus
390 1956 527 1983 caetera
568 1960 639 1981 non
674 1949 856 1993 improbo,
884 1955 923 1981 ut
948 1955 1132 1994 appareret
1168 1951 1238 1993 regi
1272 1951 1352 1982 talis
1377 1951 1476 1995 quali
1502 1951 1679 1986 fidendum

256 2003 348 2030 esset
370 1997 407 2028 in
431 1996 625 2040 quibusvis.
689 2001 871 2038 praeterea
899 2006 942 2028 ne
967 1997 1204 2028 innotesceret
1238 1997 1416 2040 quomodo
1443 2000 1678 2042 protovestia—

257 2045 326 2076 rius
344 2055 422 2076 .rem
447 2041 538 2074 hanc
561 2042 726 2081 celasset,
751 2042 878 2074 timens
903 2041 1108 2074 authentem
1141 2043 1214 2075 sive
1239 2043 1486 2087 imperatorem
1515 2055 1678 2089 magnum

256 2097 292 2123 et
313 2089 448 2122 bassam
477 2087 728 2127 Mechmetem‚
754 2099 799 2119 ne
839 2098 874 2119 re
902 2089 1040 2131 cognita
1071 2099 1200 2132 poenas
1239 2088 1338 2122 daret
1361 2089 1525 2123 authenti
1551 2103 1678 2136 magno

253 2135 554 2181 protovestiarius.
603 2139 820 2178 quapropter
851 2135 969 2167 literas
1003 2145 1127 2177 magno
1156 2134 1316 2167 authenti
1355 2135 1497 2169 obtulit.
1546 2148 1605 2170 rex
1630 2138 1678 2170 li-

255 2184 340 2216 teris
367 2182 518 2225 acceptis
548 2186 584 2213 et
609 2180 711 2212 lectis
740 2179 828 2211 nihil
856 2180 940 2212 boni
966 2180 1218 2225 suspicabatur.
1282 2181 1532 2224 comprehendi
1557 2184 1678 2228 itaque

255 2229 357 2261 iussit
381 2227 550 2260 Davidem
593 2236 706 2269 regem
740 2230 777 2257 et
799 2225 891 2258 filios
916 2228 992 2259 eius
1030 2237 1098 2259 una
1126 2237 1202 2258 cum
1232 2228 1416 2272 patruele,
1442 2239 1528 2272 quos
1556 2241 1678 2263 omnes

257 2276 296 2307 in
320 2273 511 2307 custodiam
541 2272 652 2305 dedit.
702 2277 877 2303 caeteruin
913 2273 1019 2304 filiam
1058 2273 1095 2304 in
1123 2284 1221 2304 suum
1248 2273 1447 2305 cubiculum
1474 2276 1677 2309 accersibat.

259 2333 336 2354 cum
362 2326 477 2353 autem
523 2330 583 2351 eos
615 2319 797 2362 aliquanto
834 2325 992 2362 tempore
1024 2319 1060 2350 in
1087 2318 1246 2351 custodia
1282 2326 1511 2360 asservasset,
1537 2322 1677 2355 taudem

260 2367 431 2399 abductos
454 2365 654 2409 Byzantium
682 2364 830 2396 necavit.
854 2375 980 2408 pueros
1005 2364 1146 2409 quidem
1176 2375 1218 2397 ex
1249 2365 1334 2397 urbe
1361 2371 1397 2398 et
1417 2365 1460 2397 ab
1488 2367 1576 2401 locis
1601 2368 1679 2401 urbi

260 2414 417 2446 finitimis
443 2412 602 2450 allectos,
628 2412 663 2443 in
687 2409 949 2454 peregrinorum
975 2411 1095 2442 album
1122 2411 1364 2451 conscribens,
1389 2411 1434 2444 ad
1455 2423 1556 2446 suum
1579 2414 1680 2447 cubi-

259 2461 375 2492 culum
407 2457 606 2491 ordinabat.
656 2455 822 2501 quosdam
848 2462 1028 2501 praeterea
1045 2456 1190 2489 tradidit
1216 2458 1252 2490 in
1276 2457 1510 2502 disciplinam,
1534 2465 1574 2492 ut
1587 2461 1681 2493 Tur-

258 2517 377 2538 corum
406 2504 530 2537 studiis
557 2502 812 2536 imbuerentur·
863 2504 1010 2548 reliquis
1038 2503 1121 2535 filiis
1158 2504 1228 2536 suis
1259 2509 1294 2537 et
1321 2505 1467 2548 satrapis
1492 2504 1586 2541 dono
1617 2506 1680 2539 tle-

259 2552 313 2584 dit
334 2552 501 2594 virgines,
538 2549 705 2594 quasdam
743 2560 886 2594 quoque
921 2560 984 2592 per
1018 2560 1078 2582 sua
1112 2548 1275 2582 cubicula
1304 2549 1487 2594 disposuit,
1513 2552 1680 2596 quasdam

259 2598 376 2630 amicis
402 2597 557 2634 donavit,
584 2595 753 2641 quasdam
778 2605 861 2628 vero
889 2596 971 2628 filiis
996 2597 1066 2628 suis
1089 2596 1204 2636 misit,
1230 2607 1368 2629 necnon
1392 2597 1558 2641 quasdam
1583 2599 1677 2632 brevi

258 2649 416 2688 tempore
438 2643 571 2676 maritis
600 2642 795 2675 coniunxit.

349 2690 396 2722 Ea
423 2695 539 2723 autem
570 2699 662 2734 quae
696 2688 911 2733 sequebatur
934 2687 1060 2728 hieme,
1090 2689 1125 2722 in
1150 2690 1246 2733 regni
1285 2689 1368 2722 sede
1392 2700 1548 2730 manens,
1575 2701 1678 2724 voca-
