1800 3172
302 189 364 234 60
625 192 841 235 LAONlCl
891 192 1396 235 CHALCOCONDYLAE

302 293 355 346 τῷ
397 290 588 341 ἐμποδών
625 292 857 342 γενομένου.
922 290 1026 332 α’λλοὶ
1067 292 1198 331 ταῦτα
1245 291 1322 341 μὲν
1350 289 1426 332 ἴτω
1466 286 1546 347 ὅπῃ
1577 287 1730 347 ἑκάστῳ

263 356 530 408 (ἶπροσφιλὲς
571 353 763 406 ἡγεῖσθαι
793 356 889 407 περὶ
913 355 1074 396 αὐτῶν·
1133 353 1224 395 ἐπεὶ
1250 356 1296 395 δὲ
1326 353 1574 408 Παιαζήτης
1599 357 1730 409 παρέ-

191 421 288 453 V-25
301 421 400 468 λαβε
426 416 498 470 τήν
535 420 765 471 βασιλείαν,
793 419 864 460 καὶ
895 421 946 474 τῇ
974 420 1016 466 ἐς
1045 417 1140 466 τούς
1166 419 1378 466 ἐναντίους
1408 421 1495 474 νίκῃ
1525 418 1728 474 ἐχρήσατο

300 487 539 535 περιφανεῖ,
582 485 742 523 πολλῶν
768 498 812 523 τε
852 486 924 524 καί
962 484 1093 524 αὐτοῦ
1131 482 1422 524 ἀποθανόντων
1456 485 1500 524 ἐν
1538 484 1591 539 τῇ
1614 482 1729 538 μα’χῃ

299 548 371 585 καί
399 544 721 599 τελευτήσαντος
748 549 826 587 τοῦ
851 547 1071 600 ἡγεμόνος,
1099 548 1306 600 ἐπέδραμέ
1334 562 1378 588 τε
1411 545 1642 606 σύμπασαν,
1659 546 1763 600 τῇνῦ

307 613 547 661 Τριβαλλῶν
560 609 715 663 χώραν.
746 611 819 652 καί
833 611 1076 664 α’νὸράποδα
1105 609 1160 659 ὥς
1177 615 1346 652 πλεῖστα
1375 612 1450 666 ὑφ’
1469 612 1583 666 αὑτῷ
1609 627 1731 666 ποιη-

301 673 490 726 σάμενος,
517 675 736 729 καθίστησι
768 675 818 716 τοὶ
851 677 894 716 ἐν
922 678 972 731 τῇ
999 676 1110 730 α’ρχῇ
1135 675 1247 731 αὐτῷ
1273 671 1299 731 ᾗ
1337 671 1436 731 ᾤετο
1466 678 1731 726 ξυνοίσεσθαι

301 738 372 777 ἐπὶ
397 736 442 777 τὸ
473 734 662 793 ἄμεινον,
704 741 774 779 καί
800 737 974 792 “Ἐλλησι
1014 741 1195 787 σπονδὰς
1236 740 1469 793 ἐποιήσατο.
1540 741 1612 780 καί
1646 744 1732 787 τοῖς

304 804 400 853 περί
426 802 694 843 ΙΙΙακεὸονίαν
724 799 917 856 ἧγεμόσιν
953 802 1118 857 εἰρήνην
1143 806 1418 857 ποιησάμενος
1444 802 1516 856 τήν
1548 805 1732 844 §nanim

302 861 423 919 ᾤκισε
454 867 584 920 πόλιν,
612 867 880 918 παμπόλλους
909 870 991 908 τῶν
1027 867 1221 922 Τοόρκων
1248 866 1328 908 α’πὸ
1357 883 1400 908 τε
1426 870 1500 921 τῆς
1526 866 1731 922 Εὐρώπης
1746 878 1787 911 10

302 929 374 969 καί
399 929 479 969 α’πὸ
510 933 583 984 τῆς
608 931 750 979 Ἀσίας
791 931 958 984 ἀγαγών
997 932 1076 973 σῦν
1108 935 1273 985 γυναιξί
1303 948 1344 973 τε
1379 930 1466 984 ἅμα
1496 931 1567 973 καί
1594 930 1728 972 παισί.

261 1008 288 1038 1)
303 995 428 1034 ταῦτα
452 996 497 1034 δὲ
527 997 675 1046 ἐποίει,
725 995 780 1044 ὥς
821 995 907 1048 ἔχοι
951 996 1032 1037 οἷπό
1071 997 1220 1050 ταύτης
1249 995 1490 1050 ὁρμώμενος
1517 994 1632 1048 ἄγειν
1662 978 1738 1036 καί

303 1058 448 1111 φέρειν
472 1057 520 1099 τὰ
553 1056 764 1112 Ἰλλυριῶν
794 1059 1029 1114 πράγματα.
1103 1063 1310 1114 ἐπέδραμε
1349 1063 1427 1112 μὲν
1454 1057 1527 1102 οὖν
1558 1062 1630 1100 καί
1659 1059 1733 1113 τὴν

300 1123 509 1175 Ἰλλυριῶν
547 1123 718 1177 χώραν,
746 1124 818 1166 καί
857 1128 1091 1177 πολίσματα
1119 1121 1221 1167 όὶττα
1251 1123 1356 1167 ἑλών
1386 1124 1732 1179 ἠνδραποδιοατο,

303 1188 375 1228 καί
401 1187 476 1239 τήν
511 1203 552 1227 τε
579 1188 794 1240 Ἀλβανῶν
833 1190 979 1243 χώραν
1017 1191 1256 1242 ἐπιπέμψας
1286 1189 1524 1244 στράτευμα
1552 1189 1733 1244 ἐληίζετο
1750 1193 1791 1225 15

303 1249 491 1292 ὲοηεὲπί
532 1252 607 1305 τὴν
637 1253 680 1301 ἐς
725 1252 768 1294 τό
798 1253 939 1295 Ἰόηον
980 1254 1183 1308 παράλαψ
1210 1253 1376 1308 χώραν,
1415 1255 1487 1295 καί
1522 1251 1598 1307 τὴν
1639 1245 1737 1306 περὶ

299 1315 568 1366 Ἐπίδαμνον.

441 1382 533 1421 Καὶ
560 1379 756 1436 ι’Έλληνες
794 1385 870 1434 μὲν
902 1384 1014 1439 αὐτῷ
1049 1381 1265 1437 ἐφείποντο
1303 1381 1620 1436 στρατευόμενοι
1646 1377 1737 1434 ἅμα

303 1442 383 1502 ὅπῃ
411 1443 466 1489 [ἲν
497 1446 682 1499 ἐλάυνοι,
728 1445 752 1487 ὃ
784 1463 826 1488 τε
852 1446 1042 1490 Ἰωάννου
1074 1449 1151 1487 τοῦ
1175 1448 1378 1498 βασιλέως
1402 1445 1613 1500 εΕλλήνων
1638 1450 1737 1493 παῖς

305 1512 635 1564 Ἐμμανουῆλος,
665 1511 738 1552 καί
761 1511 1023 1564 Ἀνδρονίκου
1066 1514 1138 1552 τοῦ
1167 1514 1449 1564 πρεσβυτέρου
1471 1517 1568 1559 παῖς
1592 1507 1733 1552 ’[ωοὶν-
1746 1518 1792 1552 20

306 1591 386 1631 νης.
443 1576 616 1624 τούτους
642 1576 723 1629 γάρ
753 1576 808 1624 οὖς
838 1575 892 1616 ταὶ
924 1575 1132 1630 ὀφθαλμώ
1162 1570 1245 1624 ὄξει
1269 1577 1396 1625 ζέοντι
1427 1577 1623 1628 περιέχει,
1650 1592 1729 1616 πα-

202 1647 291 1682 Ρ.32
306 1641 466 1695 ρείχετο
494 1642 633 1689 αὐτοῖς
671 1640 744 1695 τήν
785 1643 950 1682 δίαιταν
985 1641 1155 1694 α’μφοῖν.
1229 1635 1344 1681 οὗτοι
1385 1641 1424 1681 δ’
1452 1638 1508 1688 ὥς
1551 1638 1735 1693 ἔγνωσαν

400 1767 429 1798 1.
457 1767 646 1844 γεῆομένῳ
670 1766 714 1798 P:
742 1777 818 1799 corr
842 1766 871 1798 H
1003 1766 1054 1798 12.
1087 1767 1206 1810 ἔχοιεν
1231 1767 1255 1799 Ρ
1386 1764 1439 1798 13.
1468 1764 1658 1812 τῖπέδραμε
1684 1766 1729 1798 P:

395 1822 473 1844 corr

306 1906 407 1940 nullo
433 1905 657 1951 prohibente.
715 1917 834 1940 verum
861 1906 1010 1939 cuilibet
1034 1917 1134 1939 suum
1171 1906 1215 1938 sit
1237 1905 1302 1937 hac
1329 1905 1372 1937 de
1399 1916 1434 1938 re
1459 1904 1610 1938 liberum
1635 1905 1732 1938 iudi-

306 1954 408 1985 cium.
456 1958 643 1998 postquam
681 1953 848 1986 Paiazites
877 1953 974 1996 regni
1010 1952 1246 1995 gubernacula
1274 1952 1450 1996 suscepit,
1481 1951 1732 1996 victoriamque

308 1999 482 2031 illustrem
517 1998 663 2032 devictis
706 1998 868 2032 hostibus
907 2004 961 2031 est
992 1998 1162 2042 adeptus,
1187 2009 1252 2030 nec
1276 1999 1396 2041 paucis
1422 1998 1563 2029 interim
1588 2007 1731 2030 suorum

307 2045 440 2077 amissis
465 2045 608 2090 insuper
631 2045 871 2078 Triballorum
894 2044 1018 2077 ducem
1042 2044 1079 2076 iu
1103 2044 1178 2076 acie
1203 2044 1364 2088 peremit,
1388 2054 1460 2075 non
1488 2042 1670 2077 socordiae
1694 2054 1732 2075 se

308 2090 601 2134 corrumpendum
631 2091 742 2132 dedit,
769 2102 887 2123 verum
910 2089 1183 2134 praedabundus
1211 2090 1406 2121 universam
1430 2089 1629 2132 peragravit
1653 2090 1734 2122 Tri-

308 2137 483 2169 banorum
509 2137 697 2180 regionem.
746 2137 931 2181 captisque
956 2137 1142 2180 mancipiis
1166 2135 1326 2180 plurimis
1350 2145 1456 2178 regno
1471 2145 1535 2167 suo
1560 2146 1635 2168 eam
1660 2135 1735 2168 sor-

309 2194 397 2214 mam
423 2182 573 2222 induxit,
599 2194 689 2227 quae
715 2182 782 2216 sibi
812 2183 944 2227 optima
971 2188 1007 2215 et
1031 2181 1310 2214 commodissima
1328 2180 1534 2214 =vi‹lebatur.
1581 2181 1734 2214 Graecos

309 2229 378 2261 sibi
406 2228 550 2262 foedere
578 2230 702 2261 iunxit.
750 2240 834 2273 pace
859 2240 934 2260 cum
964 2228 1194 2260 Macedoniae
1223 2226 1372 2259 ducibus
1395 2226 1497 2266 inita,
1521 2227 1558 2259 in
1585 2227 1734 2271 Scopio-

312 2286 383 2307 rum
409 2274 531 2307 urbem
561 2275 735 2308 coloniam
761 2275 874 2314 duxit,
906 2274 1066 2307 deductis
1091 2284 1133 2306 eo
1157 2273 1316 2318 plurimis
1351 2271 1393 2304 ab
1418 2273 1557 2317 Europa
1581 2273 1733 2317 Asiaque

310 2321 433 2353 'furcis
459 2332 536 2352 cum
563 2321 731 2354 uxoribus
757 2327 792 2354 et
809 2320 942 2352 liberis.
980 2320 1048 2352 hoc
1075 2325 1190 2352 autem
1216 2318 1296 2351 ideo
1322 2319 1437 2350 facere
1462 2329 1640 2362 aggressus
1667 2323 1733 2358 est,

311 2372 351 2400 ut
377 2366 458 2399 hinc
486 2367 666 2411 profectus
693 2378 746 2399 res
769 2367 990 2409 Illyricorum
1015 2377 1116 2409 agere
1145 2370 1181 2398 et
1207 2365 1298 2397 ferre
1323 2369 1401 2397 tuto
1430 2370 1561 2408 posset.
1611 2365 1733 2398 incur-

312 2413 446 2445 sionem
474 2413 556 2446 fecit
582 2414 619 2447 in
643 2413 844 2456 lllyriorum
868 2413 1056 2455 regionem,
1082 2416 1256 2456 captaque
1282 2409 1451 2455 oppidula
1476 2411 1618 2456 penitus
1641 2409 1732 2443 diri-

313 2459 402 2502 puit.
452 2459 642 2492 exercitum
670 2460 764 2492 misit
790 2460 826 2491 in
848 2458 1065 2491 Albanorum
1089 2459 1266 2501 regionem
1295 2457 1505 2488 maritimam
1529 2467 1649 2490 versus
1672 2457 1734 2489 10-

312 2505 409 2537 nium
438 2510 473 2537 et
492 2505 688 2549 Epidamno
715 2505 909 2544 finitimam,
937 2503 1156 2549 praedasque
1183 2514 1223 2534 ex
1249 2514 1289 2534 ea
1316 2502 1399 2545 egit.

404 2550 525 2583 Graeci
555 2551 793 2596 sequebantur
817 2551 936 2584 armati
951 2575 960 2590 ,
983 2559 1196 2595 quocunque
1237 2548 1430 2581 exercitum
1454 2548 1531 2594 ipse
1554 2547 1733 2587 movisset,

313 2602 460 2640 excepto
490 2597 682 2631 Emanuele
717 2598 858 2630 loannis
886 2597 1097 2629 Graecorum
1122 2595 1210 2638 regis
1236 2595 1329 2635 filio,
1355 2605 1493 2628 necnon
1518 2596 1650 2627 Ioanne
1675 2604 1731 2626 se-

313 2642 422 2675 nioris
447 2643 636 2677 Andronici
671 2644 759 2677 filio:
815 2642 868 2676 his
902 2643 993 2675 enim
1033 2652 1109 2674 cum
1143 2641 1292 2674 ferventi
1327 2645 1428 2673 aceto
1466 2651 1588 2673 eorum
1611 2638 1732 2673 oculos

313 2689 471 2728 eruisset,
498 2689 591 2723 <lomi
616 2691 745 2724 victum
772 2689 933 2735 praebuit
958 2688 1143 2732 Byzantius
1179 2698 1248 2720 rex·
1299 2687 1360 2732 qui
1386 2697 1462 2720 cum
1490 2686 1733 2731 cognovissent
