1884 3178
458 188 532 228 DE
571 185 745 226 REBUS
768 183 1027 225 TURCICIS
1068 184 1116 223 L.
1144 184 1200 222 11.
1518 176 1574 217 71

116 288 285 340 πόλεις,
313 285 574 328 ἀποδέουσαι
603 283 764 328 τούτων
793 283 918 340 ὀλίγῳ
948 286 1053 337 τινί,
1094 281 1212 338 α’μφί
1239 280 1312 328 τὰς
1346 280 1580 326 διακοσίας.

117 357 161 404 ἐς
188 357 236 396 δὲ
261 354 510 408 τυραννίδας
541 358 652 404 τρεῖς
684 347 864 403 μάλιστά
895 366 950 406 πῃ
981 350 1111 390 διέλοι
1141 363 1203 395 τις
1234 349 1310 401 τῆς
1342 345 1583 398 Γερμανίας

116 417 334 475 ἡγεμόνας,
363 420 436 472 τῆς
465 434 509 460 τε
535 419 763 471 Ἑτζιλείης
791 414 953 465 πόλεως
991 416 1065 455 καί
1088 411 1348 466 Ἀουστριάς
1378 409 1451 452 καί
1480 412 1582 450 Βλέ-
1602 421 1623 452 Β

117 491 188 542 νης
217 487 292 539 τῆς
324 482 413 526 ἄνω
441 484 682 536 Γερμανίας
724 483 959 536 γενομένης.
1016 478 1107 522 ἔστι
1137 481 1184 520 δὲ
1211 482 1327 532 γένος
1356 480 1484 520 τοῦτο
1510 478 1586 528 μέ-

62 559 171 608 ’5γα
196 552 270 594 καί
305 553 377 594 ἐπὶ
410 549 516 592 πολι)
560 552 704 604 διῆκον
732 551 818 590 τῶν
846 547 951 591 κατὰ
991 546 1069 602 την
1110 546 1374 600 οἰκουμένην,
1405 542 1512 596 μετά
1541 558 1588 596 γε

117 619 297 662 Σκυθῶν
338 621 423 660 τῶν
465 614 662 671 νομάδων
707 615 930 670 δεύτερον,
961 614 1019 663 ὥς
1050 614 1092 655 εἰ
1116 610 1246 654 ταύτὰ
1279 611 1484 667 φρονοίη,
1517 611 1590 651 καί

116 685 196 742 ὑφ’
225 682 288 727 ἔνι’
316 681 492 738 ἄρχοντι
525 682 710 738 ἡγεμόνι,
742 679 961 736 ἀμάχητόν
982 696 1026 722 τε
1058 676 1109 722 ἂν
1131 678 1196 733 εἴη
1222 677 1295 719 καί
1314 679 1453 732 πολλῷ
1483 673 1589 730 κρά-

118 767 268 794 τιστον.
325 748 612 804 ὑγιεινότατον
643 749 689 790 δὲ
723 746 770 789 ὂν
800 746 876 789 ἅτε
907 746 990 788 ὑπὸ
1012 745 1087 802 την
1114 742 1307 799 α’ρκτώαν
1334 750 1491 797 μοῖραν
1520 757 1588 784 τε-

118 820 323 871 ταγμένον
364 818 438 858 καί
478 814 576 868 περὶ
620 812 696 868 την
739 812 871 871 ταύτῃ
911 811 1098 866 μάλιστά
1131 829 1187 867 πη
1213 811 1471 864 μεσόγαιον,
1503 812 1589 849 θα-

64 881 247 940 ῙΟλάττῃ
277 884 330 923 ου’
373 881 484 924 πάνυ
520 898 558 923 τι
594 882 972 935 προσχρωμένους,
1015 882 1256 931 εὐνομεῖται
1302 875 1491 930 μάλιστα
1534 874 1583 930 δη

118 950 253 991 ἐθνῶν
283 943 342 990 ὧν
367 948 488 1003 ἡμεῖς
517 947 638 1000 ἴσμεν
658 980 669 1000 ,
701 945 800 990 οὔτε
829 949 1000 1003 λοιμοῦ,
1040 943 1083 994 ὃς
1113 946 1162 1000 δη
1192 943 1275 986 ὑπὸ
1305 948 1379 998 τῆς
1407 945 1486 984 τοῦ
1516 945 1588 984 α’ὲ·

115 1018 190 1070 ρος
231 1013 399 1070 σήψεως
454 1015 746 1070 ἐπιγενομένης
804 1015 992 1066 μάλιστα
1042 1014 1276 1068 ἐπιφοιτῶν
1329 1015 1415 1058 τοῖς
1468 1006 1589 1057 ἐώοις

115 1079 324 1123 ἀπόλλυσι
352 1080 459 1122 πολύ
479 1097 520 1122 τι
546 1082 677 1134 μέρος
695 1082 780 1122 τῶν
800 1079 932 1137 ταύτῃ
962 1077 1200 1138 φ’κημένων,
1234 1072 1333 1118 οὔτε
1363 1073 1502 1116 ἄλλων
1534 1073 1583 1129 δη
1603 1084 1628 1116 C

115 1147 250 1189 νόσων
279 1149 358 1190 τῶν
388 1149 432 1195 ἐς
462 1146 571 1202 ἡμᾶς
599 1146 712 1189 πάνυ
755 1162 795 1188 τι
827 1144 1042 1188 εἰωθότων
1070 1147 1226 1201 θέρους
1255 1160 1300 1187 τε
1331 1144 1403 1185 καί
1431 1147 1589 1198 φθινο-

60 1222 103 1257 15
117 1212 262 1268 πώρου
289 1215 514 1269 ἐπιφοιτᾶν
542 1212 846 1268 χωριαζόντων
877 1213 1022 1261 αὐτοῖς
1048 1210 1185 1265 θαμά,
1216 1208 1322 1253 ὥστε
1349 1209 1424 1251 καί
1446 1209 1589 1252 ἱκανόν

113 1295 154 1322 τι
186 1280 462 1334 ἀπογίνεσθαι
490 1281 564 1322 τοῦ
594 1282 738 1334 γένους
768 1276 949 1331 τούτου,
981 1275 1075 1321 οὔτε
1105 1281 1208 1320 σείει
1240 1276 1265 1317 ὅ
1298 1294 1336 1320 τι
1367 1279 1442 1318 καί
1469 1272 1587 1325 ἄξιον

113 1345 252 1400 λόγου.
310 1343 377 1387 ὕει
407 1348 454 1388 δὲ
481 1348 638 1400 θέρους
663 1347 851 1398 μάλιστα
881 1346 931 1400 δν)
963 1346 1008 1387 ἐν
1038 1345 1170 1402 ταύτῃ
1201 1347 1251 1400 τῇ
1271 1341 1408 1400 χώρᾳ.
1467 1347 1587 1383 πολι-

114 1411 279 1454 ‘tetiam
307 1415 354 1454 δὲ
384 1412 486 1454 κατὰ
516 1411 650 1455 ταῦτα
679 1412 907 1465 Ῥωμαίοις
927 1445 939 1466 ,
973 1410 1068 1453 ἔστε
1109 1413 1274 1452 δίαιταν
1303 1413 1375 1451 καί
1406 1406 1490 1465 ἤθη
1517 1425 1588 1450 τε·-

113 1480 376 1534 τραμμένον,
413 1476 740 1534 συμφερόμενον
777 1476 829 1519 τά
875 1475 984 1520 ἄλλα
1025 1477 1272 1529 Ῥωμαίοις,
1312 1478 1387 1518 καί
1427 1478 1470 1523 ἐς
1510 1474 1586 1529 τὴν

54 1548 100 1584 20
115 1545 343 1599 θρησκείαν
364 1545 588 1596 Ῥωμαίων
616 1543 804 1596 μάλιστα
834 1544 884 1598 δι’]
914 1547 997 1586 τῶν
1027 1543 1132 1598 πρὸς
1161 1541 1345 1596 ἑσπέραν
1372 1544 1583 1584 δεισιδαι,

110 1615 268 1663 μονεῖν.
324 1612 543 1663 νομίζεται
582 1612 628 1652 δὲ
659 1608 775 1666 παρὰ
819 1610 979 1659 τούτοις
1019 1609 1094 1652 καί
1118 1612 1361 1663 μονομαχία
1397 1610 1583 1661 μάλιστα

207 1711 260 1745 13.
287 1711 441 1758 ὠκίμων
467 1711 514 1744 P:
552 1723 631 1745 corr
655 1713 686 1746 H
799 1712 854 1746 15.
880 1714 955 1747 τῶν
980 1708 1250 1759 χωριαζόντων
1275 1712 1310 1745 Ρ.
1339 1711 1461 1744 malim
1490 1724 1579 1758 qo:a

202 1759 273 1795 τᾶν
309 1758 651 1805 ἐπιχωριαζόντων.
778 1760 831 1793 17.
860 1759 900 1794 δὲ
925 1761 950 1793 Ρ

111 1867 169 1894 tur
193 1860 239 1895 ab
263 1861 459 1908 episcopis,
485 1862 726 1907 Coloniaque,
750 1874 770 1895 a
795 1862 935 1895 Vienna
965 1863 1002 1896 in
1030 1862 1237 1896 inferiorem
1265 1862 1494 1895 Germaniam
1522 1874 1573 1894 re-

110 1908 253 1942 cedens.
302 1914 388 1943 sunt
411 1915 448 1943 et
472 1910 565 1943 aliae
586 1911 690 1944 nrbes
716 1921 790 1943 non
811 1921 956 1954 paucae,
984 1910 1247 1955 propemodum
1267 1909 1458 1950 ducentae,
1485 1921 1576 1954 quae

109 1956 147 1988 iu
182 1957 306 2001 paucis
331 1956 547 2002 quibusdam
572 1968 591 1989 a
622 1957 816 2002 praedictis
852 1957 1036 1990 differunt.
1087 1958 1123 1990 in
1150 1963 1222 1990 tres
1246 1958 1470 2002 principatus
1498 1958 1575 2002 quis

109 2003 271 2037 dividere
298 2009 422 2049 posset
451 2005 634 2037 universos
663 2005 773 2038 totius
796 2005 1013 2037 Germaniae
1035 2004 1198 2045 ducatus,
1224 2003 1396 2038 videlicet
1422 2005 1574 2038 Atziliae

110 2050 214 2084 nrbes
254 2056 292 2084 et
331 2052 496 2084 Austriae
533 2057 570 2084 et
598 2051 745 2092 menae,
783 2063 875 2097 quae
912 2052 950 2084 in
984 2054 1170 2096 superiore
1195 2052 1387 2085 Germania
1413 2053 1480 2084 sita
1510 2058 1572 2084 est.

108 2109 218 2142 genus
245 2097 314 2131 hoc
338 2097 523 2131 hominum
548 2110 714 2144 magnum
730 2096 796 2140 est,
823 2099 929 2143 longe
955 2099 1101 2144 lateque
1126 2111 1191 2145 per
1216 2100 1423 2132 universum
1449 2099 1572 2131 orbem

108 2147 288 2191 imperat,
323 2145 645 2191 magnitudineque
680 2146 879 2179 secundum
916 2153 999 2191 post
1026 2146 1175 2190 Scythas
1206 2146 1378 2179 nomades
1404 2146 1571 2179 habetur.

109 2193 234 2238 itaque
275 2193 303 2225 si
329 2193 543 2226 concordiae
584 2193 737 2226 studiosi
771 2199 891 2226 essent
927 2200 963 2226 et
993 2195 1059 2227 sub
1091 2206 1163 2227 uno
1195 2195 1368 2238 degerent
1392 2195 1571 2239 principe,

109 2240 216 2284 plane
244 2245 364 2274 essent
388 2241 513 2274 invicti
538 2241 817 2285 mortaliumque
853 2241 1049 2274 fortissimi.
1101 2247 1197 2282 sunt,
1224 2247 1399 2286 quantum
1421 2240 1466 2273 ad
1491 2253 1571 2273 cor—-

109 2298 198 2331 pora
223 2287 368 2330 attinet,
392 2299 565 2333 perquam
593 2289 696 2329 sani,
721 2293 761 2321 ut
786 2289 849 2333 qui
874 2288 941 2321 sub
967 2290 1252 2334 Septentrionali
1279 2294 1435 2321 aetatem
1467 2295 1573 2332 agant

107 2334 213 2378 plaga
239 2340 276 2367 et
302 2335 391 2368 circa
419 2335 716 2368 mediterraneum
744 2335 851 2368 isthic
876 2347 984 2376 mare,
1010 2337 1148 2369 nullius
1176 2338 1225 2368 rei
1252 2336 1468 2379 indigente&
1505 2347 1572 2368 nec

108 2386 162 2414 efft
185 2392 282 2426 gens.
309 2381 409 2428 quod
436 2384 557 2422 sciam,
585 2394 677 2428 quae
701 2383 912 2416 melioribus
950 2389 1092 2428 regatur
1115 2384 1268 2426 legibus.
1321 2395 1386 2416 uec
1413 2383 1463 2415 ibi
1489 2394 1570 2416 sae·

106 2429 159 2461 vit
184 2429 312 2474 pestis,
339 2440 433 2474 quae
477 2441 520 2462 ex
547 2435 716 2475 corrupto
746 2431 907 2463 nascitur
931 2442 1025 2470 aere,
1051 2432 1278 2476 maximeque
1306 2431 1458 2464 infestat
1484 2431 1568 2464 Ori-

105 2475 266 2517 entales,
302 2476 549 2522 plurimosque
582 2477 634 2510 ibi
674 2476 881 2510 habitantes
925 2478 1054 2523 perdit.
1103 2489 1222 2523 neque
1263 2478 1325 2510 alii
1354 2478 1482 2518 morbi,
1508 2480 1569 2524 qui

106 2522 242 2555 aestivo
270 2524 541 2570 autumnalique
570 2529 732 2570 tempore
770 2525 917 2570 reliquis
960 2525 1176 2559 mortalibus
1204 2536 1326 2569 graves
1355 2531 1450 2565 sunt,
1474 2526 1570 2558 Ger—

105 2571 244 2602 maniae
280 2571 416 2603 incolas
456 2571 619 2605 laedunt.
670 2578 786 2605 terrae
814 2578 933 2605 motus
960 2573 1027 2606 rari
1053 2578 1253 2604 memoratu
1284 2572 1383 2616 digni
1412 2585 1487 2605 eam
1513 2585 1548 2605 re

105 2618 250 2660 gionem
278 2618 459 2663 quatiunt.
522 2619 645 2664 pluvia
685 2630 770 2664 prae
810 2621 961 2653 caeteris
1002 2620 1210 2663 regionibus
1239 2621 1376 2653 aestivo
1405 2627 1566 2663 tempore

105 2664 142 2697 in
184 2664 251 2696 ista
293 2666 438 2708 regione
477 2665 655 2698 uberrima
690 2667 921 2711 conspicitur.
983 2668 1079 2699 victu
1118 2666 1353 2712 moribusque
1389 2668 1566 2701 Romanos

104 2711 303 2750 imitantur,
330 2722 396 2744 nec
421 2718 560 2745 caetera
586 2714 780 2759 quicquam
810 2714 854 2746 ab
883 2714 937 2746 his
967 2714 1148 2747 differunt.
1201 2723 1268 2746 nec
1296 2719 1351 2748 est
1379 2715 1453 2747 ulla
1480 2726 1565 2758 gens

104 2769 196 2804 quae
224 2759 506 2804 superstitiosius
534 2761 772 2794 Romanorum
802 2761 1013 2806 religionem
1050 2761 1156 2801 colat,
1185 2761 1336 2795 maxime
1361 2773 1431 2808 qua
1460 2762 1563 2796 Occi-
