1832 3216
471 201 543 240 DE
581 201 756 242 REBUS
802 199 1056 241 TURClClS
1096 201 1143 239 L.
1173 201 1246 239 lll.
1499 194 1589 238 157

125 301 335 353 βασιλέως
360 302 522 355 μηδένα
550 301 818 342 κατακαίνειν
853 300 935 340 τῶν
962 300 1040 340 τοῦ
1067 296 1349 353 Παιαζὴτου,
1389 296 1516 350 μόνον
1547 299 1594 339 δὲ

128 364 434 419 ἀπεκδυόμενοι
464 365 636 414 τούτους
668 366 849 420 ἠφίεσαν
870 381 881 393 ·
939 365 991 405 ου’
1018 365 1096 418 γάρ
1128 366 1226 419 ἐξῆν
1255 362 1498 421 ὁμοφύλους
1529 360 1595 406 ὅν-

125 448 199 482 τας
227 433 632 485 ἀνδραποδίζεσθαι.
692 430 947 485 Παιαζήτης
977 433 1023 472 δὲ
1043 432 1244 472 τάναντία
1273 432 1432 472 τούτων
1459 429 1597 484 κηρύ-

127 501 201 549 ξας
232 500 276 548 ἐς
303 498 348 541 τὸ
379 497 678 554 στρατόπεδον,
711 495 767 546 ὥς
795 495 840 538 ὃν
870 494 922 538 ἂν
949 497 1116 551 λάβοιεν
1137 498 1213 538 τοῦ
1237 495 1435 551 Τεμήρεω
1466 513 1593 550 στρα-

91 567 230 620 5τοῦ,
259 563 419 614 πάντας
447 563 748 606 κατακτείνειν.
803 566 1056 618 Σαχροῦχος
1082 565 1162 615 μὲν
1195 557 1270 603 οὖν
1299 563 1356 611 ὠς
1383 561 1595 618 ἐτρέψατο

126 633 394 686 Παιαζήτην,
427 626 509 686 ἤδη
537 630 586 672 τά
622 628 922 684 στρατεύματα
951 630 1165 684 Τεμήρεω,
1193 629 1265 670 καί
1293 625 1373 670 ὅσα
1407 627 1592 682 ἐμάχον·

124 713 170 738 το
195 701 270 739 καί
298 694 379 738 ὅσα
408 695 479 739 ἐπὶ
505 697 581 738 τοῦ
610 697 899 749 στρατοπέδου
931 694 1162 749 ἐτύγχανεν
1192 690 1304 746 ὄντα,
1337 691 1506 749 ὥρμητο
1526 696 1598 736 ἐπὶ

93 762 201 806 ’τόν
245 762 503 818 Παιαζήτεω
540 760 719 816 στρατὸν
765 763 928 816 φθῆναι
967 760 1237 814 βουλόμενος.
1307 762 1382 801 καί
1425 761 1497 802 ἐπί
1523 759 1596 814 τὴν

123 826 272 884 χώραν
307 827 534 885 ἐτράποντο
564 830 636 870 ἐπὶ
664 826 928 883 διαρπαγήν,
958 829 1166 882 ἐπιδρομῇ
1190 826 1472 881 χρησάμενοι,
1504 824 1596 868 ἔστε

70 900 114 934 10
126 894 203 950 τὴν
231 897 388 938 Ἰωνίαν
418 895 491 936 καί
519 897 561 943 ἐς
598 894 671 936 τὸν
709 891 1008 949 Ἑλλήσποντον
1027 907 1038 918 ·
1110 892 1215 934 ἔνθα
1258 890 1308 947 δή
1339 894 1492 934 πολλαί
1517 894 1596 944 μὲν

124 963 264 1015 κῶμαι
297 961 568 1017 ἐλήφθησαν,
597 962 838 1013 πολίσματα
867 962 913 1002 δὲ
951 959 1156 1015 ἐρημώθη
1186 957 1254 1000 ὅτι
1286 964 1486 1013 πλεῖστα,
1512 960 1633 1000 τῶνΒ

124 1025 401 1082 ἱπποδρόμων
437 1028 512 1069 τοῦ
547 1028 745 1081 Τεμήρεω
795 1025 875 1069 α’νοὶ
921 1024 998 1082 τὴν
1039 1027 1188 1081 χώραν
1226 1027 1304 1068 τοῦ
1334 1024 1594 1080 Παιαζήτεω

124 1094 386 1136 διαθεόντων
414 1093 657 1150 ἁπανταχῇ.

237 1158 353 1213 Περὶ
378 1160 425 1201 δὲ
451 1157 524 1202 τόν
553 1158 810 1215 Παιαζήτην
840 1157 1001 1201 τοιόνδε
1033 1161 1269 1214 ξυνηνέχθη
1297 1158 1509 1213 γενέσθαι.
1538 1158 1594 1206 ὥς

69 1223 200 1279 15γὰρ
246 1223 338 1266 ἔθει
378 1225 458 1268 dmi
490 1225 638 1279 κράτος
667 1221 811 1279 οὗτος,
857 1226 1065 1267 ἐπέκειντο
1093 1241 1138 1267 τε
1179 1224 1252 1267 καί
1287 1225 1524 1266 α’πεὸώοκον
1555 1223 1593 1266 οἱ

129 1290 432 1347 Ίζαχατάϊδες,
461 1291 747 1345 ἁμιλλώμενοι
776 1289 887 1334 ἑλεῖν
905 1289 1047 1334 αὐτόν.
1108 1294 1182 1333 καί
1211 1290 1317 1333 πολύ
1351 1293 1430 1344 μὲν
1457 1290 1594 1345 πρού-

123 1362 276 1399 λαυνεν
308 1353 380 1400 ἅτε
410 1360 482 1400 ἐπί
506 1359 619 1415 ’ἵππῳ
645 1355 866 1415 ταχυτάτῳ
897 1356 1228 1413 ἐπιφερόμενος·
1299 1357 1408 1410 μετὰ
1444 1359 1504 1412 δέ,
1534 1359 1592 1406 ὥς

124 1424 196 1465 ἐπὶ
221 1422 293 1465 τὸν
323 1423 516 1477 ποταμὸν
545 1424 732 1480 ἀφίκετο,
763 1422 839 1478 τήν
858 1426 987 1466 ἵππον
1015 1427 1185 1478 λέγουσι
1205 1426 1455 1479 διψήσασαν
1485 1441 1594 1478 καρ-

125 1491 255 1544 τερῶς
285 1491 487 1544 ἐθελῆσαι
515 1493 590 1533 τοῦ
615 1487 791 1540 ὕδατος·
824 1491 1080 1546 Παιαζὴτης
1107 1490 1189 1546 γὰρ
1222 1491 1358 1533 ἐνόσει
1388 1490 1443 1534 τώ
1473 1496 1592 1545 χεῖρε

66 1562 112 1597 20
125 1553 198 1603 καί
224 1555 283 1597 τώ
312 1554 412 1598 πόδε
441 1554 524 1597 ὑπὸ
565 1555 800 1612 ποδάγρας,
841 1557 915 1598 καί
939 1563 1170 1611 κατασχεῖν
1200 1558 1279 1611 οὐχ
1311 1553 1399 1607 οἷός
1429 1573 1474 1598 τε
1501 1556 1592 1611 ἐγέ-

124 1636 226 1664 νετο.
284 1623 476 1664 ἐνταῦθα
519 1622 571 1676 δὴ
618 1623 888 1678 ὖποχαλοὶσαι
931 1622 1009 1678 τὴν
1047 1625 1173 1665 ἵππον
1215 1624 1297 1665 ὑπὸ
1330 1626 1405 1666 τοῦ
1433 1622 1592 1673 ὕδατος

220 1722 250 1754 1.
278 1725 520 1768 καταβαίνειν
545 1724 569 1757 Ρ

127 1823 216 1856 dens
240 1824 276 1856 in
304 1835 376 1869 quo
405 1830 500 1858 statu
527 1836 582 1859 res
610 1837 695 1858 suae
722 1831 853 1866 essent,
882 1827 1095 1860 conscendit
1120 1837 1248 1872 equam
1265 1828 1425 1872 totisque
1454 1826 1590 1860 viribus

131 1871 235 1915 sugit.
260 1872 422 1904 Temires
449 1883 527 1905 cum
558 1874 656 1918 prius
686 1875 916 1919 praeconium
945 1873 1140 1907 dimisisset
1168 1886 1230 1919 per
1258 1880 1384 1912 castra,
1410 1885 1454 1907 ne
1484 1885 1591 1919 quem

127 1917 172 1950 de
199 1918 362 1952 Paiazitis
390 1921 546 1953 exercitu
575 1927 747 1964 caperent
772 1927 807 1953 et
842 1921 886 1953 ad
911 1922 1171 1966 mancipiorum
1206 1922 1457 1954 condicionem
1483 1922 1591 1954 mise-

129 1976 202 1997 ram
229 1965 459 2005 deducerent,
485 1967 621 1999 curavit
643 1973 683 2001 ut
706 1968 870 2013 spoliatis
907 1968 1006 2001 abire
1031 1969 1181 2002 liceret:
1208 1981 1280 2002 non
1311 1969 1405 2002 enim
1431 1969 1481 2002 fas
1507 1979 1584 2002 esse

129 2012 286 2046 ducebat
318 2019 356 2046 ut
399 2015 550 2056 gentiles
589 2026 670 2047 suos
711 2015 754 2047 ad
790 2016 1051 2060 mancipiorum
1093 2017 1240 2049 sormam
1276 2017 1492 2060 redigerent.
1552 2022 1590 2048 at

129 2059 302 2093 Paiazites
340 2062 577 2101 contrarium,
608 2067 801 2107 antequam
841 2063 1014 2107 praelium
1053 2063 1224 2103 iniretur,
1270 2075 1334 2108 per
1363 2069 1474 2096 castra
1499 2074 1588 2095 voce

128 2107 315 2151 praeconis
341 2108 497 2141 nuntiari
523 2109 697 2149 iusserat,
732 2121 862 2154 nempe
891 2116 932 2143 ul:
959 2121 1212 2156 quemcunque
1237 2110 1282 2143 de
1310 2112 1463 2145 Temiris
1490 2111 1588 2142 mili-

127 2153 225 2187 tibus
251 2153 387 2188 fuerint
411 2156 519 2194 nacti,
548 2167 627 2188 eum
653 2157 752 2190 illico
779 2157 1048 2191 obtruncarent.
1100 2158 1325 2191 Sachruchus
1351 2159 1462 2202 igitur
1486 2163 1525 2190 ut
1550 2158 1587 2190 in

126 2200 243 2244 fugam
260 2206 416 2235 verterat
435 2202 586 2242 hostem,
612 2203 682 2236 iam
695 2204 846 2236 Temiris
865 2205 1004 2249 copiae,
1018 2216 1111 2249 (piae
1137 2206 1174 2238 in
1194 2207 1316 2239 castris
1343 2210 1587 2250 expect-arant,

126 2248 270 2281 iunctae
299 2250 543 2293 pugnantibus
569 2251 704 2295 impetu
736 2251 954 2292 ferebantur,
978 2253 1143 2286 volentes
1171 2259 1397 2297 praevertere
1422 2252 1586 2285 Paiazitis

127 2296 334 2328 exercitum.
384 2297 545 2330 conversi
575 2298 699 2343 itaque
726 2298 772 2332 ad
798 2299 1055 2343 populationes
1080 2301 1270 2332 maximam
1298 2302 1499 2333 vastitatem
1529 2299 1583 2330 fe-

126 2353 208 2375 cere
232 2342 270 2375 in
297 2343 398 2375 Ionia
424 2349 460 2378 et
489 2345 741 2389 Hellesponto.
810 2346 878 2378 vici
909 2347 1075 2391 occupati
1102 2353 1186 2380 sunt
1211 2348 1379 2392 plurimi3
1410 2345 1586 2390 oppidula

126 2389 164 2422 in
190 2388 450 2423 desolationem
477 2393 676 2435 migrarunt
694 2393 859 2438 plurima,
883 2393 1019 2438 ubique
1049 2395 1232 2439 equitibus
1245 2395 1399 2427 Temiris
1427 2395 1465 2426 iu
1485 2394 1586 2425 Paia-

126 2437 206 2469 zitis
232 2436 375 2480 regione
393 2439 647 2481 grassantibus.

221 2484 367 2516 Interim
387 2491 505 2518 autem
535 2485 623 2519 haec
649 2486 811 2520 accidere
838 2488 983 2520 Paiaziti
1009 2487 1175 2530 fugienti.
1228 2499 1307 2520 cum
1338 2487 1478 2530 sugeret
1503 2498 1586 2532 per-

124 2529 306 2563 nicissimo
339 2542 468 2573 cursu,
501 2534 699 2577 fugientem
739 2535 1024 2579 insequebantur
1053 2534 1339 2574 'l‘zaclmtaides,
1376 2536 1585 2568 affectantes

125 2587 206 2609 eum
232 2587 372 2622 capere.
433 2579 502 2612 iam
529 2581 679 2614 multum
703 2582 844 2614 itineris
871 2582 1042 2626 fugiendo
1070 2583 1296 2620 confecerat,
1323 2587 1363 2613 ut
1387 2582 1448 2626 qni
1480 2583 1584 2614 velo-

123 2625 262 2657 tissima
297 2624 486 2659 veheretur
508 2630 631 2672 equas
668 2634 792 2674 postea
820 2641 898 2662 cum
937 2629 1029 2662 sorte
1055 2630 1212 2661 venisset
1237 2628 1282 2660 ad
1315 2627 1460 2668 flumen,
1490 2640 1583 2674 equa

123 2671 353 2704 intoleranda
378 2673 437 2706 siti
461 2674 645 2708 stimulata
673 2676 799 2708 bibere
839 2676 1021 2721 cupiebat.
1073 2676 1243 2708 Paiazites
1273 2681 1393 2708 antem
1425 2675 1584 2720 chiragra

124 2723 163 2751 et
189 2717 344 2763 podagra
368 2720 570 2763 gravissime
603 2723 808 2756 laborabat:
851 2722 1004 2768 proinde
1031 2734 1158 2768 equam
1186 2733 1205 2754 a
1231 2722 1381 2767 potandi
1409 2723 1581 2768 cupidine

122 2763 287 2799 inhibere
316 2766 411 2799 haud
438 2773 592 2812 poterat.
645 2781 736 2815 equa
764 2771 873 2814 igitur
899 2777 939 2804 ut
965 2770 1069 2810 bibit,
1096 2781 1221 2814 parum
1247 2770 1422 2804 dissoluta
1451 2771 1582 2804 nonni·
