1858 3210
290 179 515 222 LAONlCI
537 177 807 222 CHALCOC.
835 180 911 220 DE
937 180 1111 221 REBUS
1136 179 1302 222 Tunc,
1327 180 1376 220 L.
1393 180 1466 219 Vt.
1545 179 1643 226 283

180 281 264 325 τῶν
282 280 357 334 τῆς
382 279 529 329 Ἀσίας
557 278 770 333 τυράννων
794 277 1021 329 παρεκάλει
1041 278 1112 320 ἐπὶ
1133 278 1379 323 αἠόστασιν.
1410 282 1483 323 ἔπε’
1499 282 1647 325 τοῦτον

179 344 230 401 δὴ
257 346 492 397 ἀναζεύξας
513 342 782 400 Ἀμουράτης
807 343 828 387 ὃ
861 346 1100 398 Μεχμέτεω
1131 347 1416 401 ἐστρατεύετο,
1448 348 1521 390 καὶ
1541 351 1648 391 Του-

181 411 347 467 ραχάνη
378 411 447 454 τὸν
475 413 706 460 Θετταλίας
742 407 939 465 ὕπαρχον
983 412 1228 453 ἐπέστελλεν
1254 413 1447 456 ἐλαύνειν
1477 417 1549 457 ἐπί
1575 412 1649 457 τόν
1661 426 1696 460 Ρ.
1717 425 1784 459 150

180 478 511 533 Πελοποννήσου
534 475 723 531 Ἰσθμόν,
753 478 826 519 καί
853 479 1050 518 καθελεῖν
1069 471 1123 519 τε
1144 476 1216 519 τὸν
1246 478 1432 531 Ἰσθμόν,
1459 480 1534 523 καί
1559 479 1650 523 ἐπι·

146 550 168 585 5
181 545 392 600 δραμόντα
411 545 483 599 τήν
501 544 828 596 Πελοποννήσου
845 543 1005 599 χώραν,
1027 539 1105 598 ὅση
1125 541 1205 584 ὑπὸ
1229 550 1316 593 τοῖς
1337 543 1540 602 Ἑλλήνων
1554 546 1652 602 ἥγε..

179 627 280 664 μοσι
306 611 510 666 τυγχάνει
539 606 662 666 οὖσα,
691 610 955 652 ἀπελαύνειν.
1015 609 1036 650 ὁ
1065 613 1143 662 μὲν
1169 605 1243 652 οὖν
1273 614 1415 664 λαβών
1444 612 1652 666 στράτευ..

180 694 243 731 μα
282 677 327 720 τὸ
376 679 452 731 τῆς
493 679 729 726 Θετταλίας
774 677 848 718 καί
883 678 1128 730 Περαιβίας
1167 678 1241 731 τῆς
1283 679 1431 733 λίμνης
1478 680 1654 735 ἀφίκετο

182 744 254 787 ἐπὶ
291 743 365 785 τὸν
400 741 602 799 Ἰσθμόν,
650 743 723 784 καί
765 742 1018 795 καταλαβών
1053 741 1185 784 αὐτὸν
1215 741 1373 797 ἔρημον
1406 748 1579 787 καθεΐλέ
1605 762 1652 787 τε

183 809 330 864 αὐτόν,
358 812 432 852 καί
463 808 654 862 ἐσβαλών
681 811 726 857 ἐς
754 808 829 862 τήν
864 810 1192 863 Πελοπόννησον
1222 808 1350 864 ἐύήου
1385 811 1460 864 τὴν
1486 810 1649 866 χώραν,

127 887 171 923 10
184 876 256 919 καί
281 875 353 918 ἐπὶ
382 876 580 931 Σπάρτην
610 875 868 931 α’φικὸμενος
898 875 974 930 τήν
991 890 1036 917 τε
1058 875 1316 931 Λακωνικήν
1342 877 1552 930 ἐπέδραμε
1583 879 1655 919 καί

183 940 412 998 ἀπήλαυνε.
468 941 671 996 βασιλεύς
702 944 739 983 ‹5’
765 943 826 990 εἰς
854 940 933 997 τήν
975 943 1120 985 Ἀσίαν
1150 941 1305 995 διαβάς
1333 944 1405 985 ἐπὶ
1435 946 1654 998 Καραμᾶ..

181 1025 255 1052 νον
281 1005 439 1063 ἤλαυνε
474 1007 519 1051 τὸ
564 1007 783 1062 δεύτερον,
825 1010 899 1050 καί
939 1008 1060 1063 τήντε
1097 1007 1247 1064 χώραν
1282 1008 1409 1065 ε’ὃήου
1449 1010 1523 1051 καί
1562 1013 1655 1052 ἐπε..

188 1074 349 1131 κράτει.

294 1142 360 1184 Ἔν
398 1135 432 1200 ᾧ
473 1143 521 1183 δὲ
551 1143 685 1184 ταῦτα
713 1143 887 1197 ἐγένετο,
916 1141 1130 1196 Γειόργιος
1162 1141 1182 1182 ὁ
1217 1127 1464 1196 Τριβαλλῶν
1492 1141 1695 1220 ηγεμιὸνΒ

131 1220 175 1254 15
189 1210 231 1258 ἐς
259 1209 408 1262 λόγους
435 1211 491 1265 τιὸ
517 1223 558 1250 τε
583 1206 740 1262 Ἰιέγγω
769 1207 843 1249 καί
861 1209 925 1264 ’τῶ
954 1207 1160 1251 Παιόνων
1186 1212 1314 1263 βασιλ
1318 1214 1361 1250 εἴ
1383 1208 1658 1266 ἀφικόμενος,

188 1275 264 1316 καί
296 1277 381 1317 τῶν
424 1274 610 1328 ἀρίστων
629 1277 718 1328 ’τῆς
753 1277 969 1323 Παιονιάς
1002 1274 1158 1328 μετιών
1187 1276 1382 1331 ἕκαστον,
1411 1278 1555 1330 ἐνῆγεν
1589 1278 1662 1318 ἐπι

183 1340 428 1395 ’Λμουράτη
467 1339 799 1396 στρατεύεσθαι,
840 1357 909 1382 και
951 1341 1154 1395 χρήματα
1201 1344 1243 1390 ἐς
1284 1343 1358 1396 τήν
1386 1342 1660 1395 ἐκστρατείαν

188 1407 348 1462 ταύτην
374 1407 580 1461 ὑπέσχετο
623 1406 746 1449 ἱκανοὶ
777 1409 926 1449 δοῦναι
955 1414 1041 1457 τοῖς
1067 1412 1281 1460 Παίοσιν,
1312 1409 1339 1450 ἂ
1369 1409 1420 1463 δὴ
1456 1411 1528 1450 καί
1554 1411 1661 1451 εἰσε-

190 1476 364 1527 νέγκατο
393 1474 539 1517 αὐτοῦ.
596 1476 730 1516 ταῦτα
761 1475 808 1516 δὲ
851 1475 969 1531 αὐτῷ
1000 1474 1356 1530 συγκατεργάζετο
1388 1476 1460 1517 καί
1486 1473 1660 1530 Ἰάγγος,

131 1544 275 1588 ποτοῖς
306 1541 385 1591 μὲν
403 1537 572 1595 Ἕλλησι
602 1543 743 1596 φίλιος
771 1535 835 1595 ἦν,
865 1541 981 1598 αύτῷ
1009 1542 1132 1596 φίλος
1162 1557 1206 1582 τε
1235 1537 1295 1582 α’)’ν
1324 1543 1548 1596 ἐτύγχανε.

283 1674 342 1709 20.
373 1671 415 1714 ὃς
438 1674 544 1714 τοῖςῖ

191 1793 336 1828 citabat.
385 1795 574 1829 Amurates
602 1796 712 1840 igitur
737 1795 949 1829 Mechmetis
978 1795 1096 1838 filius,
1124 1795 1186 1829 ubi
1226 1796 1262 1829 id
1291 1796 1409 1841 parari
1436 1795 1661 1830 animadver-

192 1842 250 1882 tit,
278 1846 417 1875 mutato
443 1843 597 1876 consilio
624 1849 786 1888 coeptam
815 1843 1085 1888 expeditionem
1110 1843 1244 1884 omisit,
1266 1850 1302 1877 et
1325 1844 1464 1876 bellum
1491 1856 1595 1877 omne
1623 1845 1661 1878 in

194 1888 429 1922 Caramannm
454 1891 597 1923 avertit.
648 1890 896 1924 Turachanem
923 1890 1137 1923 Thessaliae
1175 1891 1399 1936 praesectum
1427 1892 1531 1924 iussit
1557 1903 1661 1924 exer-

192 1936 304 1969 citum
329 1941 453 1970 contra
482 1937 723 1982 Peloponnesi
751 1938 922 1971 Isthmum
949 1937 1092 1993 ducere,
1118 1949 1273 1983 eumque
1301 1939 1337 1972 in
1353 1944 1571 1983 potestatem
1603 1950 1661 1972 re-

195 1982 340 2027 digere,
369 1982 504 2017 deinde
533 1986 715 2028 regionem
744 1985 999 2030 Peloponnesi,
1026 1985 1089 2030 qui
1119 1984 1186 2018 sub
1215 1986 1362 2019 Graecis
1389 1991 1454 2025 est,
1481 1986 1661 2019 incursio-

194 2029 302 2064 nibus
324 2041 465 2064 vexare.
525 2032 658 2076 quibus
686 2032 842 2077 peractis
869 2043 951 2065 eum
975 2032 1060 2065 inde
1090 2032 1188 2065 abire
1214 2034 1377 2066 iusserat.
1427 2011 1660 2067 Τιιι-ειεὶκιυεε

193 2082 343 2123 accepto
375 2077 589 2112 Thessaliae
632 2085 668 2112 et
706 2079 913 2120 Peresbiae,
950 2091 1043 2125 quae
1084 2085 1211 2124 stagno
1237 2080 1402 2120 adiacet,
1428 2081 1588 2113 exercitu
1615 2080 1663 2113 ad

193 2123 367 2158 Isthmum
392 2126 578 2170 perrexit,
612 2137 718 2172 quem
744 2126 924 2160 desertum
950 2127 995 2159 ab
1031 2127 1196 2160 hostibus
1223 2128 1412 2161 inveniens
1454 2129 1661 2172 occupavit3

194 2177 232 2206 et
260 2170 345 2205 hinc
370 2173 614 2207 incursionem
645 2174 779 2207 faciens
803 2175 842 2207 in
867 2174 1106 2218 Peloponnesi
1133 2176 1328 2219 regionem,
1354 2176 1557 2208 vastitatem
1583 2187 1661 2207 ma-

193 2219 325 2252 ximam
351 2219 526 2254 reddidit.
589 2220 696 2254 etiam
723 2221 887 2267 Spartam
913 2221 1024 2262 adiit,
1050 2222 1303 2268 Laconiaeque
1331 2223 1510 2266 regionem
1538 2234 1661 2267 popu-

194 2266 289 2300 latus
316 2272 381 2300 est.
430 2267 562 2312 quibus
588 2268 768 2323 omn-ibus,
795 2268 1096 2314 quemadmodum
1122 2275 1353 2314 praeceperat
1378 2280 1450 2309 rex,
1477 2270 1660 2313 expeditis

195 2312 299 2347 abiit.
363 2324 424 2347 rex
456 2315 644 2349 Amul-ates
667 2316 706 2349 in
730 2316 850 2350 Asiam
887 2322 1110 2350 transvectus
1137 2322 1262 2350 contra
1291 2317 1526 2350 Caramanum
1557 2328 1661 2350 exer-

194 2361 305 2394 citum
332 2359 516 2404 ductabat,
545 2368 582 2396 et
605 2362 764 2397 secundo
791 2364 868 2397 eius
893 2365 1075 2408 regionem
1115 2371 1310 2398 evastatam
1336 2363 1542 2407 subigebat.

287 2418 340 2452 Ea
363 2424 577 2464 tempestate
620 2432 691 2467 qua
716 2421 807 2455 haec
830 2422 1052 2467 agebantur,
1082 2422 1258 2466 Georgius
1285 2422 1528 2454 Triballorum
1559 2421 1664 2467 prin-

195 2476 280 2511 ceps
317 2465 357 2499 in
387 2467 614 2512 colloquium
657 2469 757 2502 venit
782 2481 861 2502 cum
889 2470 998 2513 lango
1033 2475 1070 2503 et
1102 2481 1181 2502 cum
1207 2471 1415 2502 pannonum
1455 2479 1554 2513 rege;
1580 2480 1664 2513 pre-

195 2512 428 2559 hensansque
453 2515 613 2558 singulos
636 2516 843 2550 Pannoniae
871 2528 1056 2562 proceres,
1092 2518 1272 2562 persuasit
1296 2522 1336 2548 ut
1365 2521 1488 2548 contra
1513 2517 1664 2548 Amura-

195 2565 268 2594 tem
296 2571 394 2593 arma
435 2567 619 2606 caperent.
689 2575 776 2608 opes
805 2570 925 2597 antem
962 2564 1134 2608 plurimas
1168 2565 1454 2608 immensamque
1487 2565 1663 2607 pecuniae

194 2607 266 2641 vim
292 2608 520 2641 pannonibus
547 2609 594 2642 ad
619 2620 697 2643 eam
721 2612 993 2656 expeditionem
1026 2611 1282 2664 pollicebatur.
1336 2621 1402 2643 nec
1428 2610 1544 2643 solum
1575 2622 1663 2656 pro-

195 2655 307 2695 misit,
330 2666 455 2688 verum
482 2657 671 2700 pecuniam
695 2658 940 2698 pannonibus,
966 2664 1006 2692 ut
1030 2670 1091 2692 eos
1115 2659 1339 2702 experiretur
1359 2658 1560 2711 auxiliares,
1588 2664 1662 2691 tra-

197 2701 302 2735 didit.
354 2714 438 2736 usus
467 2708 521 2735 est
547 2704 742 2748 plurimum
772 2717 881 2751 opera
908 2705 954 2740 ad
979 2717 1058 2739 eam
1094 2716 1167 2738 rem
1195 2706 1308 2747 iringi,
1336 2705 1399 2749 qui
1429 2704 1575 2739 Graecis
1605 2706 1662 2738 sa-

197 2749 387 2783 rniliariter
412 2752 553 2783 iunctus
570 2757 657 2784 erat.
