1748 3210
164 195 254 240 186
489 198 706 240 LAoNici
749 197 1253 251 euALcocon‘LAn

159 298 259 336 δεκα
292 295 489 345 σταδίους
530 291 705 353 ᾤκησαν.
773 296 852 337 <ind
894 299 1072 349 σμικροῦ
1110 298 1157 339 δέ
1194 313 1304 348 τινος
1342 297 1591 353 ὁρμώμενοι,

157 362 468 414 συλλεγομένων
497 360 540 410 ἐς
570 361 726 409 αὐτοὺς
754 363 825 402 καί
851 364 932 402 τῶν
953 361 1033 402 α’πὸ
1066 365 1136 415 τῆς
1163 365 1333 416 η’πείρου
1361 367 1591 419 περιοίκων,

159 423 238 464 ὑπὸ
270 427 348 465 τῶν
378 429 584 478 πολεμίων
612 423 673 468 ὅτι
703 423 885 478 μάλιστα
914 428 1193 480 κακουμένων,
1226 431 1298 469 καί
1320 431 1592 482 προσγινομέ-

159 505 240 530 νων
263 489 333 530 αέἰ
359 487 440 532 ἀπὸ
478 493 550 546 τῆς
580 493 778 546 ἠπείρου,
805 486 964 548 ᾠκίσθη
991 506 1034 533 τε
1065 491 1086 532 ὁ
1114 494 1251 546 χῶρος
1278 487 1397 541 οὗτος
1423 495 1496 534 καί
1521 494 1592 534 εὖ·

159 555 321 609 νομήθη
354 554 396 602 ἐς
426 558 531 609 μέγα
574 556 799 608 δυνάμεως.
866 553 1017 608 ἐχώρει
1063 558 1109 597 δὲ
1138 557 1160 611 ἡ
1190 556 1308 606 πόλις
1335 555 1444 612 αὕτη
1472 558 1625 602 savo-5

158 623 378 671 μουμένων
421 635 464 662 τε
501 623 583 662 τῶν
626 623 667 668 ἐς
712 620 842 674 αὐτην
885 623 1250 675 συνεληλυθότων·
1316 621 1398 663 α’πό
1438 639 1483 665 τε
1520 625 1594 676 τῆς

120 685 332 738 Οήπείρου
363 684 576 739 ἐπισήμων
619 687 783 738 α’νδρῶν
823 684 867 727 εἴ
889 701 979 726 τινα
1007 683 1079 739 τήν
1107 701 1152 727 τε
1179 687 1323 740 χῶραν
1349 682 1594 742 ἀφελόμενοι

159 748 196 791 οἱ
227 751 416 791 πολέμιοι
457 749 742 803 ἐπιδιώκοιεν,
784 751 967 791 ἐνταῦθα
997 749 1208 803 γενόμενος
1251 746 1357 808 ᾤκει.
1415 751 1595 807 μεγάλης

161 815 207 855 δὲ
238 816 311 866 τῆς
352 815 509 864 πόλεως
537 817 580 856 έν
607 818 765 867 βραχεῖ
791 817 1034 869 γενομένης,
1075 819 1222 857 πολλοί
1250 831 1294 857 τε
1318 816 1519 870 Ἑλλήνων
1549 832 1594 858 τε

159 881 230 920 καί
249 879 468 930 Ῥωμαίων
501 882 573 920 καί
600 877 735 921 ἄλλων
764 883 930 932 συχνῶν
959 882 1087 933 γενῶν
1119 876 1282 934 ἄνδρες,
1311 884 1452 934 γένους
1481 877 1592 930 ὄντες
1606 893 1649 928 10

158 946 428 998 περιφανοῦς,
454 941 504 997 ἦν
532 961 595 993 τις
624 943 668 985 ἐν
695 946 747 1000 τῇ
776 946 944 997 πατρίδι
974 945 1105 986 αὑτοῦ
1131 944 1188 998 μὴ
1219 942 1266 986 εὖ
1294 949 1487 1000 φέροιτο,
1511 943 1593 987 εἴτε

158 1009 237 1049 ὑπὸ
281 1012 361 1050 τῶν
396 1012 728 1051 ἀντιστασιωτῶν
767 1007 1011 1062 διωκόμενοι
1051 1008 1132 1050 εἴτε
1161 1011 1240 1050 ὑπὸ
1278 1014 1361 1052 τῶν
1388 1013 1594 1061 πολεμίων

158 1074 494 1127 ἐξελαυνόμενοι,
527 1076 568 1122 ἐς
607 1073 761 1128 ταύτην
799 1073 847 1127 δὴ
896 1073 968 1127 την
996 1073 1115 1115 πόλιν
1141 1079 1418 1130 συνελέγοντο,
1449 1071 1594 1128 ἄνδρες

157 1140 358 1193 ἑπίσημοί
383 1155 425 1181 τε
463 1141 535 1181 καὶ
562 1139 715 1193 ἀγαθοί
752 1143 823 1180 καί
860 1142 1003 1187 παῖδες
1038 1140 1200 1193 ἀνδρῶν
1225 1156 1267 1182 τε
1297 1137 1410 1190 ὄντες
1441 1143 1594 1196 ἐπιφα-

158 1206 239 1244 νῶν
267 1203 342 1244 καί
365 1205 507 1258 χώρας
541 1204 752 1258 ἀρχόντων
779 1205 828 1244 οὐ
864 1203 1041 1259 φαύλης.
1101 1207 1221 1247 τοῦτο
1248 1207 1325 1258 μὲν
1353 1209 1396 1253 ές
1422 1204 1496 1259 τὴν
1521 1221 1593 1246 κα·
1607 1216 1648 1250 15

155 1266 206 1310 τοὶ
231 1267 304 1309 τὸν
326 1268 472 1310 Ἰόνιον
511 1270 659 1322 χώραν
697 1268 770 1309 καί
794 1269 868 1322 τήν
893 1269 1088 1322 Ἐλλάδα,
1125 1273 1246 1311 τοῦτο
1277 1271 1322 1310 δὲ
1352 1270 1422 1311 καί
1449 1271 1492 1317 ἐς
1519 1268 1594 1322 την

153 1333 335 1375 Ἰταλίαν
381 1332 693 1385 ἐξελαυνόμενοι
734 1335 807 1374 καί
846 1333 1031 1375 ἐνταῦθα
1079 1334 1320 1388 ἀφικόμενοι
1365 1331 1497 1391 ᾤκουν
1541 1334 1592 1388 δὴ

114 1397 487 1452 Βοῖσφαλέστερον.
545 1399 723 1453 ἐχούσης
765 1401 812 1440 δὲ
837 1401 905 1453 τῆς
935 1398 1092 1447 πόλεως
1121 1398 1348 1452 ἐμπορίαν,
1382 1396 1443 1440 ὅτι
1469 1398 1595 1452 μάλι-

159 1479 238 1504 στα
271 1461 448 1517 α’νάγκης
476 1465 826 1518 α’ποδεικνυμένης
854 1466 896 1511 ἐς
921 1467 1041 1504 τοῦτο
1067 1467 1294 1519 τρέπεσθαι
1322 1467 1393 1506 ἕνα
1421 1464 1593 1506 ἕκαστον

161 1526 229 1568 διοὶ
260 1527 305 1568 τὸ
334 1529 511 1585 μηδαμῇ
538 1530 611 1582 τῆς
639 1526 812 1582 ἠπείρου
842 1529 938 1577 τούς
971 1527 1161 1578 ἐποίκους
1192 1530 1456 1582 ἀντέχεσθαι,
1485 1532 1590 1584 μηδὲ
1603 1538 1649 1572 20

161 1589 239 1634 ὅσα
270 1594 388 1647 φέρει
436 1593 459 1648 ἦ
503 1589 670 1648 ἤπειρος
708 1594 995 1647 ἐργαζομένων
1034 1594 1108 1647 την
1145 1597 1249 1648 γῆν,
1276 1594 1382 1635 α’λλὰ
1411 1596 1483 1636 καί
1512 1593 1591 1635 αἠὸ

160 1656 369 1713 θαλάττης
395 1660 724 1711 ἑσκομιζομένων
754 1658 804 1699 ui
836 1658 1043 1714 ἐπιτήδεια
1075 1658 1117 1708 ἐς
1141 1660 1213 1714 τὴν
1243 1658 1375 1714 πόλιν,
1398 1659 1591 1715 χρήματα

256 1766 310 1800 19.
335 1768 443 1802 τοῦτο
468 1764 508 1802 τό
536 1770 738 1816 τρέπεσθαι
761 1770 784 1802 Ρ

161 1878 369 1911 continente
396 1879 598 1924 quindecim
625 1881 760 1920 stadiis,
787 1881 955 1914 aedificiis
995 1891 1165 1925 occupare
1189 1885 1401 1913 statuerunt,
1450 1881 1590 1913 initium

161 1925 374 1958 aedificandi
418 1926 549 1958 factum
582 1933 635 1959 est
664 1939 682 1959 a
710 1928 830 1972 paucis
855 1928 1003 1960 Venetis
1041 1929 1076 1959 iu
1110 1939 1218 1959 uuum
1242 1927 1411 1960 collectis.
1460 1927 1590 1959 deinde

161 1982 339 2004 accessere
364 1973 505 2004 finitimi
535 1974 744 2012 continenti,
770 1973 874 2006 bellis
903 1975 1052 2017 graviter
1076 1973 1241 2006 divexati.
1291 1973 1372 2005 urbs
1386 1978 1502 2006 autem
1527 1974 1590 2005 illa

163 2029 276 2062 usque
303 2019 560 2051 incrementum
596 2020 758 2052 sumebat
797 2020 967 2052 aedificiis
992 2026 1028 2052 et
1052 2020 1211 2063 legibus,
1235 2031 1312 2052 cum
1340 2020 1478 2052 accolae
1506 2019 1588 2063 plu-

163 2064 242 2096 rimi
266 2075 339 2097 non
367 2070 544 2098 cessarent
569 2076 611 2098 eo
638 2066 828 2099 confluere.
888 2066 1065 2099 crescebat
1089 2065 1231 2110 quidem
1256 2078 1296 2098 ea
1320 2065 1441 2097 civitas
1464 2066 1586 2098 mirum

164 2111 202 2143 in
224 2109 368 2143 modum
395 2110 606 2156 disciplinae
646 2113 857 2152 sanctitate,
882 2124 958 2145 cum
995 2124 1037 2145 eo
1070 2118 1292 2145 accurrerent
1317 2111 1460 2155 plurimi
1484 2111 1588 2144 bonis

163 2156 300 2199 legibus
325 2157 484 2198 enutriti,
514 2163 549 2190 et
565 2158 709 2202 plurimi
734 2160 886 2191 virorum
911 2161 947 2191 in
972 2159 1169 2191 continenti
1198 2159 1351 2190 illustres
1372 2169 1414 2190 eo
1440 2156 1587 2190 advola-

163 2209 253 2236 rent.
302 2209 485 2247 praeterea
509 2204 539 2236 si
566 2205 643 2249 quis
670 2205 785 2248 patria
810 2205 1032 2250 fortunisque
1068 2204 1230 2236 omnibus
1254 2204 1376 2248 pulsus
1402 2203 1437 2236 vi
1462 2203 1587 2236 hostili

163 2254 263 2290 erat,
299 2249 367 2282 huc
411 2260 546 2292 gressus
583 2250 767 2295 dirigebat.
818 2250 900 2283 urbs
934 2252 996 2283 illa
1034 2250 1246 2283 incredibile
1279 2249 1375 2282 dictu
1405 2255 1459 2282 est
1482 2261 1587 2295 quam

162 2294 262 2328 brevi
289 2295 417 2340 opibus
442 2296 591 2329 creverit
614 2302 650 2329 et
675 2296 877 2341 disciplina.
923 2297 1026 2329 multi
1053 2296 1179 2329 Graeci
1203 2301 1239 2329 et
1264 2297 1424 2336 Romani,
1450 2307 1588 2328 necnon

162 2342 224 2374 alii
251 2342 318 2374 viri
346 2342 537 2375 clarissimo
572 2353 702 2386 genere
727 2344 862 2383 exorti,
898 2343 934 2375 in
958 2343 1072 2387 patria
1111 2343 1162 2374 usi
1187 2341 1283 2374 haud
1309 2344 1392 2374 satis
1421 2353 1588 2387 prospera

164 2389 328 2428 fortuna,
365 2393 426 2421 aut
451 2399 470 2420 a
495 2389 631 2422 civibus
669 2390 761 2434 pulsi
789 2395 850 2421 aut
874 2388 918 2421 ab
944 2388 1105 2421 hostibus
1134 2389 1267 2428 exacti,
1290 2389 1327 2420 in
1355 2388 1444 2420 hanc
1466 2389 1588 2420 urbem

163 2434 482 2477 congregabantur,
505 2435 571 2467 filii
596 2437 749 2467 virorum
776 2435 985 2474 illustrium,
1009 2435 1070 2479 qui
1097 2435 1266 2478 regebant
1290 2435 1469 2478 regionem
1494 2434 1588 2467 haud

163 2481 419 2524 infrugiferam.
468 2480 504 2513 hi
536 2480 678 2526 quidem
696 2482 821 2526 partim
849 2482 886 2514 in
914 2481 1048 2514 Ioniam
1075 2486 1111 2514 et
1135 2482 1330 2520 Graeciam,
1356 2481 1483 2525 partim
1505 2491 1587 2513 vero

164 2527 201 2559 in
224 2527 364 2560 ltaliam
396 2527 509 2572 pulsi,
551 2530 588 2560 in
621 2529 722 2560 istam
747 2527 927 2560 civitatem
965 2538 1002 2560 se
1031 2527 1243 2572 recipientes
1269 2527 1424 2559 securius
1447 2526 1587 2559 habita-

162 2572 260 2605 bant.
311 2585 389 2606 cum
430 2579 546 2607 autem
582 2585 622 2607 ea
659 2574 705 2607 sit
729 2572 812 2607 urbs
837 2575 1031 2618 emporium
1060 2573 1224 2614 celebre,
1248 2575 1403 2606 animum
1429 2573 1588 2606 adiecere

163 2618 207 2651 ad
233 2625 463 2652 mercaturam
492 2622 712 2660 necessario,
745 2620 827 2665 quia
854 2621 1095 2652 continentem
1122 2631 1193 2652 non
1217 2620 1415 2664 attingunt,
1438 2629 1504 2652 nec
1527 2630 1587 2651 eo-

163 2676 238 2697 rum
268 2665 444 2699 fructuum
469 2678 559 2712 quos
586 2667 770 2699 continens
789 2666 924 2710 profert
947 2666 1031 2710 ipsis
1055 2666 1156 2710 copia
1185 2666 1302 2698 sutura
1327 2669 1411 2698 erat.
1436 2664 1587 2709 proinde

161 2712 286 2744 merito
309 2718 525 2746 mercaturae
543 2724 685 2758 operam
705 2712 891 2752 dederunt.
913 2717 953 2745 ut
971 2713 1165 2746 necessaria
1189 2712 1274 2745 mari
1299 2710 1587 2745 subveherentur.
