1832 3216
461 206 534 244 DE
573 205 748 244 REBUS
769 202 1026 244 TURCIOES
1066 204 1113 243 L.
1142 205 1216 244 ΙΙΙ.
1490 195 1579 242 161

119 308 345 364 ὀρύγματα
375 303 651 359 ποιησάμενοι
681 301 726 344 ἐν
751 304 806 358 τῷ
824 303 1108 358 στρατοπέδῳ,
1138 301 1210 343 καί
1236 302 1296 350 εἰς
1324 301 1402 355 την
1431 299 1586 355 σκηνὴν

120 373 166 418 ἐν
192 369 220 430 ᾗ
251 372 427 428 ἐσκήνου
459 367 714 424 Παιαζήτης
757 371 801 410 ἐν
850 369 1022 425 φυλακῇ
1060 364 1120 410 ὢν
1149 365 1344 423 ἐξιόντες,
1375 362 1588 424 ὤφθησαν

121 438 203 482 §ud
231 441 316 482 τῶν
345 437 475 494 ταύτῃ
517 435 717 492 φυλάκων
756 438 830 477 καί
866 432 1058 476 ἑάλωσαν
1077 448 1086 458 ·
1161 436 1213 475 ου’
1239 433 1321 489 γάρ
1350 436 1469 483 ἐντός
1495 435 1586 487 ἐγέ-

122 521 243 550 νοντο
273 506 347 559 τῆς
373 506 552 558 σκηνῆς,
582 503 674 544 ἀλλ’
701 503 840 554 ἐκτός,
886 496 913 558 ᾗ
941 500 1187 556 ἐφύλασσον
1217 504 1338 555 πέριξ
1369 500 1586 555 γενόμενοι

85 569 277 628 δᾶνδρες
305 569 388 613 ὑπὸ
424 569 623 625 Τεμήρεω
657 571 899 622 ταχθέντες.
965 566 1100 624 ταύτῃ
1130 568 1187 617 ὥς
1215 565 1390 625 ἐξῄεσαν
1419 566 1491 609 καί
1513 564 1587 608 ἐά-

122 636 276 692 λωσαν,
307 635 566 690 ἀπετάμοντο
594 634 668 685 τὰς
695 634 884 689 κεφαλὰς
920 634 1005 676 ὑπὸ
1037 634 1260 688 βασιλέως.

227 703 321 746 'Ena‘
349 702 543 758 Σμύρνης
581 703 660 754 μὲν
703 695 779 742 οὖν
807 701 1064 756 α’φικόμενος
1095 698 1168 753 τήν
1198 715 1244 742 τε
1273 697 1474 755 Σμύρνην
1502 695 1588 742 εἷλε

121 773 376 826 τροχίσκοις,
402 769 474 811 καί
499 768 574 823 τὴν
600 770 644 810 ἐν
661 769 717 826 τῷ
745 769 922 823 αἰγιαλῷ
954 763 1090 821 ἄκραν
1120 764 1203 807 ὑπὸ
1233 763 1456 819 Ῥωμαίων
1485 767 1586 808 ταύ-

121 853 173 895 τῃ
203 838 484 890 κατεχομένην
517 832 732 887 ύτιορύξας
762 835 968 887 κατέλαβέ
995 849 1053 886 τε,
1092 834 1165 874 καὶ
1189 832 1344 887 ταύτην
1373 829 1480 874 ἑλών
1509 848 1587 874 πο..

68 907 111 942 10
123 901 306 956 λίσματά
336 917 382 943 τε
425 897 532 943 ἄλλα
570 904 645 955 τῆς
674 900 821 955 χώρας
860 897 1017 955 ταύτης
1044 896 1284 941 ἐπελαύνων
1311 896 1432 955 ᾔρει,
1461 896 1520 948 ὥς
1551 898 1626 941 οἱΒ

121 967 368 1024 προυχώρει
400 967 706 1022 προσβάλλοντι
754 968 822 1022 ἐφ’
861 968 1046 1009 ἕκαστον.
1111 967 1240 1022 τριχῇ
1275 964 1383 1019 γάρ,
1414 966 1591 1019 λέγεται,

122 1033 262 1092 διῄρει
291 1032 369 1084 τοῖς
399 1035 540 1082 πόλεις
574 1032 778 1088 Τεμήρης,
807 1038 896 1081 τοῖς
921 1048 964 1075 τε
992 1038 1170 1087 τροχοῖς.
1227 1030 1371 1074 κύκλοι
1403 1033 1450 1074 δὲ
1477 1029 1592 1080 ὄντες

121 1096 238 1143 οὗτοι
275 1103 348 1142 καί
388 1100 596 1153 κλίμακας
635 1098 798 1152 ἔχοντες
844 1097 960 1148 ἐντὸς
998 1097 1106 1141 ὥστε
1147 1098 1394 1151 ἀναβαίνειν
1437 1100 1510 1140 ἐπὶ
1542 1098 1588 1141 τὸ

122 1173 286 1222 τεῖχος,
327 1169 370 1216 ἐς
398 1167 473 1222 τὴν
515 1165 681 1222 τάφρον
712 1162 880 1220 ἄγοντες
909 1168 1156 1208 ἐπετίθεσαν
1199 1161 1352 1219 ἄνδρες
1379 1165 1591 1207 διακόσιοι

66 1239 109 1274 15
121 1234 293 1276 ἕκαστον
321 1237 578 1287 τεταγμένοι,
611 1231 682 1273 διὰ
713 1234 789 1275 τοῦ
817 1234 973 1288 τροχοῦ
998 1232 1143 1274 εἰσιών
1173 1234 1360 1284 ἕκαστος,
1389 1229 1485 1274 ἔστε
1514 1234 1592 1272 πέ-

121 1316 201 1355 ραν
229 1315 272 1341 τε
318 1300 500 1354 ἐγίγνετο
545 1301 618 1354 τῆς
646 1300 838 1354 τάφρου,
864 1297 1164 1351 στεγαζόμενοι
1191 1295 1274 1339 ὑπὸ
1307 1300 1384 1339 τοῦ
1412 1300 1588 1352 τροχοῦ.

121 1365 180 1415 ὥς
208 1367 256 1408 δὲ
285 1369 418 1422 πέραν
455 1365 688 1420 γίγνοιντο,
736 1366 958 1419 α’νὲβαινον
1000 1365 1078 1413 τὰς
1117 1367 1345 1420 κλιμακας,
1375 1366 1448 1406 καί
1477 1363 1591 1407 οὕτω

121 1429 255 1490 ᾕρουν
282 1430 358 1487 την
389 1432 528 1474 πόλιν.
586 1429 691 1484 μετοῖ
723 1433 768 1474 δὲ
798 1432 946 1473 πολλοὶ
974 1426 1084 1480 ὄντες
1115 1432 1230 1488 αὐτῷ
1255 1433 1298 1473 ἐν
1327 1432 1383 1488 τῷ
1412 1447 1592 1486 στρατο-

123 1499 236 1555 πέδῳ
264 1495 393 1553 ἔχουν
418 1495 492 1551 τήν
521 1497 640 1539 πόλιν
658 1533 669 1553 ‚
708 1494 818 1540 ὥστε
850 1497 920 1540 ἐπὶ
948 1498 992 1539 τὸ
1024 1502 1161 1550 τεῖχος
1191 1495 1241 1538 τά
1273 1495 1455 1550 χώματα
1485 1499 1590 1539 α’να-

62 1565 307 1619 2οβαίνειν,
334 1566 408 1606 καί
435 1560 524 1606 ἅνω
550 1564 621 1606 διὰ
654 1566 739 1606 τῶν
757 1561 967 1618 χωμάτων
995 1563 1185 1618 ἡλίσκετο
1216 1564 1331 1622 αὐτῷ
1359 1565 1402 1606 τὸ
1434 1570 1628 1618 τεῖχος.(;

122 1625 212 1685 εἶχε
257 1631 304 1673 δὲ
336 1631 409 1672 καὶ
446 1628 631 1686 ὄρυκτὰς
672 1630 715 1681 ἐς
751 1633 963 1686 μυρίους,
1012 1632 1086 1671 καί
1115 1630 1363 1684 ὀρύσσοντες
1387 1629 1438 1672 τὰ
1467 1631 1588 1686 τείχη

218 1742 274 1775 11.
298 1741 604 1788 προσβάλλοντι-ιι
623 1743 666 1776 P:
692 1754 770 1776 corr
793 1743 1026 1776 Hamakerus.
1215 1747 1297 1788 post
1321 1742 1482 1778 ἕκαστον
1506 1754 1584 1776 cum

217 1789 418 1823 Hamakero
448 1791 574 1832 omisi,
600 1802 692 1836 quae
719 1791 788 1823 huc
826 1801 870 1823 ex
898 1802 931 1835 p.
962 1790 1039 1831 162,
1058 1790 1082 1822 4
1110 1790 1340 1836 irrepserant,
1371 1789 1421 1828 ὦς
1449 1790 1490 1825 δὲ
1518 1791 1585 1836 ἔαρ

215 1833 260 1880 ἦν
283 1849 320 1872 τε
342 1840 406 1872 καὶ
433 1836 631 1884 ὑπέφαινε.
754 1837 806 1871 12.
833 1837 966 1885 διῄρει]
990 1836 1101 1885 ᾔρειῗ
1208 1838 1262 1870 15.
1294 1838 1331 1876 ἐς
1356 1833 1396 1873 τὸ
1419 1839 1444 1871 Ρ

123 1935 352 1968 emersissent
375 1945 532 1980 eumque
557 1935 644 1968 inde
670 1935 900 1979 eripuissent.
969 1934 1151 1968 fodientes
1178 1935 1300 1980 itaque
1327 1946 1447 1968 versus
1472 1940 1587 1968 casira

123 1986 163 2014 et
188 1981 383 2014 tentorium
400 2007 410 2022 ,
450 1982 511 2014 ubi
537 1982 575 2015 in
601 1983 753 2015 vinculis
781 1988 857 2016 erat
882 1982 1064 2022 Paiazites‚
1090 1981 1311 2028 tandemque
1349 1988 1584 2028 prorepentes

123 2028 190 2061 visi
214 2034 298 2062 sunt
326 2028 534 2062 custodibus
559 2034 595 2062 et
623 2031 729 2074 capti.
779 2041 852 2063 non
888 2031 983 2062 enim
1016 2030 1109 2062 intra
1137 2031 1332 2063 tentorium
1359 2029 1423 2062 ubi
1447 2030 1584 2062 Paiazi-

124 2080 178 2108 tes
206 2080 293 2116 erat,
320 2075 383 2108 sed
404 2081 504 2109 extra
530 2087 573 2109 ex
592 2077 760 2109 cuniculo
778 2076 1000 2121 prodierunt,
1030 2076 1091 2109 ubi
1115 2077 1181 2109 viri
1204 2083 1307 2110 erant
1331 2077 1460 2122 quibus
1482 2077 1583 2109 Paia-

123 2122 203 2155 aitis
227 2122 391 2156 custodia
428 2134 448 2155 a
473 2123 618 2156 Temire
657 2130 732 2157 erat.
768 2124 938 2157 mandata
1008 2135 1049 2156 ea
1079 2124 1190 2168 igitur
1214 2131 1316 2170 parte
1342 2136 1386 2157 ex
1414 2124 1582 2157 cuniculo

122 2169 277 2203 fossores
302 2181 461 2212 egressos
483 2175 520 2203 et
545 2177 670 2215 captos
696 2183 757 2203 rex
789 2172 895 2204 iussit
919 2171 1139 2204 obtruncari.

215 2217 375 2251 Veniens
404 2222 523 2250 autem
550 2218 737 2261 Smyrnam
771 2230 847 2250 eam
883 2218 1006 2251 urbem
1041 2219 1127 2251 rotis
1156 2218 1262 2263 cepit.
1314 2223 1499 2262 praeterea
1526 2229 1583 2250 ar·

121 2274 198 2296 cem
226 2264 263 2297 in
288 2265 409 2298 littore
438 2265 539 2298 sitam
556 2290 565 2304 ,
590 2266 627 2298 in
655 2278 726 2310 qua
760 2271 838 2299 erat
861 2266 1099 2298 Romanorum
1124 2264 1354 2311 praesidium,
1383 2264 1581 2297 suffodiens

122 2311 268 2355 penitus
291 2310 480 2345 subvertit.
531 2312 623 2345 hanc
639 2313 703 2346 ubi
728 2313 930 2357 occupavit,
955 2314 1062 2346 etiam
1089 2324 1107 2345 a
1135 2313 1282 2357 reliquis
1309 2313 1362 2344 ius
1390 2312 1481 2343 belii
1507 2322 1583 2344 non

121 2355 319 2398 abstinuit,
356 2369 480 2391 verum
517 2359 693 2392 accedens
733 2359 888 2406 oppida,
917 2372 988 2404 qua
1031 2360 1100 2393 sibi
1126 2359 1318 2393 videbatur
1344 2359 1581 2403 aptissimum,

121 2404 406 2448 aggrediebatur.
466 2411 507 2439 ut
543 2413 662 2439 autern
693 2419 756 2440 ver
794 2407 863 2439 iam
906 2408 1132 2453 appetierat,
1170 2407 1255 2439 rotis
1284 2405 1389 2438 urbes
1415 2405 1582 2450 capiebat

122 2451 297 2485 Temires.
347 2452 415 2486 hae
442 2458 543 2487 erant
567 2454 702 2495 circuli,
727 2460 763 2487 et
782 2455 873 2487 intra
899 2455 1014 2487 scalas
1035 2454 1220 2487 habebant
1248 2453 1380 2498 quibus
1409 2453 1583 2485 ascende-

121 2497 231 2532 batur
258 2499 296 2532 in
323 2510 452 2532 muros.
503 2506 540 2534 et
563 2501 708 2546 quando
738 2503 774 2534 in
799 2502 928 2534 fossam
957 2502 1212 2545 dirigebantur,
1242 2500 1461 2544 recipiebant
1489 2501 1582 2533 viros

121 2544 298 2581 ducentos
325 2548 513 2591 separatim
531 2549 680 2593 positos,
707 2549 822 2581 donec
851 2549 983 2592 singuli
1010 2555 1104 2582 rotas
1129 2549 1318 2580 intrarent.
1372 2553 1496 2590 postea
1521 2559 1582 2580 ve·-

121 2592 274 2626 niebant
301 2593 337 2626 in
363 2594 511 2627 alteram
541 2606 634 2641 quae
661 2607 704 2629 ex
731 2595 882 2630 adverso
911 2602 988 2629 erat
1015 2596 1134 2628 fossae
1163 2599 1312 2638 partem,
1343 2594 1426 2626 satis
1452 2595 1581 2627 muniti

122 2644 159 2674 et
184 2640 271 2673 tecti
297 2651 316 2672 a
342 2641 438 2673 rotis.
467 2652 540 2686 quo
566 2654 645 2675 cum
664 2644 857 2683 venissent,
883 2643 995 2676 scalas
1021 2641 1326 2680 conscendebant,
1352 2647 1388 2673 et
1405 2651 1448 2673 eo
1471 2641 1579 2674 modo

121 2686 314 2732 capiebant
346 2686 463 2720 urbes,
514 2688 648 2722 deiude
677 2691 835 2736 reliqui,
880 2691 942 2736 qui
977 2695 1078 2722 erant
1106 2690 1144 2721 in
1174 2689 1309 2727 castris,
1336 2687 1459 2720 urbem
1485 2689 1580 2721 vallo

119 2734 333 2778 cingebant,
371 2745 588 2780 aggeresque
628 2737 862 2777 fundebant,
887 2738 948 2782 qui
978 2737 1083 2769 facile
1112 2746 1249 2767 murum
1275 2740 1510 2779 superarent3
1536 2747 1580 2769 ex

121 2780 253 2826 quibus
279 2780 411 2814 deinde
438 2793 538 2815 muro
565 2783 670 2816 facile
699 2784 917 2830 potiebatur.
968 2789 1154 2829 praeterea
1183 2782 1337 2815 fossores
1365 2781 1492 2815 habuit
1506 2783 1578 2816 Te-

197 2855 520 2900 Chalcocondylas
1270 2856 1310 2888 11
