1774 3204
230 154 324 196 312
562 152 779 195 mosum
815 128 1319 199 'anLcocoNnYLAE

229 265 301 302 κατ’
335 262 413 314 γάρ
444 277 505 302 τοι
535 261 782 316 Παιαζήτης
814 262 835 302 ὅ
882 267 1067 316 λαῖλαψ,
1109 265 1180 313 σὸς
1226 266 1409 319 πάππος,
1450 269 1652 320 ἐτρέψατο

226 329 363 375 μέντοι
395 326 488 372 τοὺς
521 325 708 373 Κελτούς
739 342 782 367 τε
821 327 893 368 καί
921 330 1132 376 Παίονας·
1189 326 1237 370 οὗ
1267 332 1403 381 μέντοι
1432 347 1474 383 γε
1504 327 1652 385 ὄφελος

227 391 336 444 αὐτῷ
362 391 509 444 ’ξυνέβη
540 405 585 442 γε
614 390 692 430 αἠὸ
725 392 886 443 τούτου,
916 394 1005 432 ἀλλ’
1032 391 1074 440 ἒς
1098 392 1171 445 τὴν
1211 394 1354 447 χώραν
1383 395 1652 450 ἀποχωροῦν-

224 469 289 500 τες
319 452 393 505 τήν
418 457 624 508 σφετέραν
661 459 772 509 σφοῖς
808 471 850 497 τε
883 455 1035 503 αὐτοὺς
1063 455 1224 498 ἔσωσαν
1251 459 1396 499 αὐτίκα
1427 459 1556 507 ἰόντες
1580 464 1652 502 καί

223 516 296 570 τὴν
323 515 468 569 χώραν
496 521 711 568 διέσωσαν.
769 515 816 572 ἢν
845 522 889 561 δὲ
919 517 1157 561 τούναντίον
1176 525 1328 575 συμβῇ,
1358 525 1550 565 α’παίσιον
1578 525 1680 570 λε’-5

222 596 308 633 γειν
339 575 404 622 οἶα
435 581 687 635 ξυμβήσεται
728 583 890 635 χαλεπὰ
920 581 1001 624 ἀπὸ
1033 586 1193 626 τούτου.
1251 581 1417 637 ἄμεινον
1447 589 1492 628 δὲ
1517 586 1647 630 πάντα

92 657 125 688 Ρ.
144 657 208 690 165
225 642 438 695 αἱρεῖσθαι
467 644 517 685 τά
553 647 725 700 α’σφαλῆ
752 649 888 688 αὕταῖν
915 647 1003 688 τινὰ
1033 648 1221 700 ἕκαστον,
1253 651 1328 703 ἀφ’
1362 645 1419 690 ὧν
1449 651 1649 705 ἅποβὴσε-

222 726 291 749 ται
320 710 431 764 αὐτῷ
458 712 588 763 μηδὲν
614 726 655 751 τι
684 714 954 766 διασφαλὲντι
983 711 1209 767 ἡττηθῆναι
1234 716 1312 765 μὲν
1338 716 1550 769 μηδαμῶς,
1579 731 1649 756 πε-

223 776 459 825 ριγενέσθαι
485 776 529 815 δὲ
557 777 638 815 τῶν
665 773 881 828 ἐναντίων,
918 774 967 829 ἦν
992 778 1047 830 μὴ
1081 777 1191 830 παρὰ
1219 776 1382 832 γνώμην
1410 778 1506 828 εξίοι
1537 780 1650 835 asinii

221 854 270 878 τα
301 836 411 890 εὀγα.
469 838 542 879 δύο
569 838 619 893 δη
650 839 874 893 αἱρέσεων,
905 844 975 894 τῆς
1012 857 1056 882 τε
1090 844 1344 895 ἐπισφαὶοῦς
1382 839 1508 897 οὔσης
1538 842 1646 896 ἡμῖν,
1665 854 1705 888 10

222 916 314 954 περι
351 896 395 954 ἧς
427 903 607 952 δεδιότες
634 904 951 955 βουλευόμεθα,
983 923 1050 946 και
1081 910 1149 959 τῆς
1178 908 1487 960 ἄσφαλεστέοας
1514 910 1650 962 ποὶλιῦ

222 981 391 1019 ταυτης,
442 965 659 1020 αἱρεῖσθαι
695 970 778 1022 χρὴ
820 971 891 1022 τὴν
932 970 1102 1024 ἀσφαλῆ
1127 972 1309 1023 μᾶλλον,
1350 987 1416 1011 και
1447 966 1471 1025 ᾗ
1502 972 1522 1011 ὅ
1555 973 1650 1019 νοῦς

221 1028 324 1081 ἔχοι,
349 1030 476 1086 ταύτῃ
498 1034 655 1082 μᾶλλον
689 1031 719 1084 ἢ
747 1028 848 1088 ἄλλῃ
879 1050 946 1074 ποι
985 1037 1234 1086 λογίζεσθαι.
1290 1035 1383 1087 ἐμοὶ
1410 1038 1455 1077 δὲ
1483 1036 1649 1088 ὑποχω-

222 1095 346 1145 ρῆσαι
375 1097 451 1145 μὲν
489 1101 573 1143 τοῖς
610 1095 808 1144 ἐναντίοις
851 1093 947 1138 οὕτε
979 1098 1046 1139 oui
1071 1094 1105 1138 αἶ
1143 1102 1316 1151 βασιλεῦ
1343 1100 1496 1153 πρέπον
1526 1103 1649 1151 ἐστίν,

222 1153 307 1197 οὔτ’
338 1155 389 1198 ἄν
428 1159 556 1208 αὐτὸς
595 1161 979 1214 συμβουλεύσαιμι·
1047 1162 1216 1218 φεύγειν
1252 1163 1330 1217 γὰρ
1362 1161 1414 1204 ἂν
1445 1161 1647 1215 δόξαιμεν,
1663 1174 1703 1207 15

222 1221 292 1262 καί
317 1221 484 1271 ἐκείνοις
521 1227 597 1275 μὲν
641 1224 682 1272 ἐς
707 1225 750 1265 τὸ
791 1227 952 1278 βέλτιον
978 1231 1253 1280 παρίσταται,
1282 1228 1381 1281 ἡμῖν
1410 1229 1456 1268 δὲ
1487 1230 1528 1276 ἐς
1554 1229 1648 1268 τοῦ-

180 1289 400 1330 Βναντιόν.
467 1289 558 1328 ov’d’
602 1286 654 1329 ἄν
691 1292 873 1342 ἐπισχεῖν
913 1289 998 1342 ἔτι,
1029 1289 1164 1346 οἶμαι,
1208 1293 1443 1343 δυναίμεθα
1482 1292 1576 1340 τούς
1603 1307 1648 1332 τε

215 1347 438 1399 Ἀσιανούς
467 1352 538 1393 καί
566 1353 635 1394 τὸν
666 1354 787 1404 πεζὸν
817 1354 862 1395 ὃν
889 1354 1050 1409 ἔχομεν.
1109 1355 1210 1397 dua*
1239 1355 1453 1410 μάχεσθαι
1472 1358 1548 1408 μὲν
1569 1373 1648 1411 μη-

216 1417 314 1464 κέτι,
350 1421 641 1470 φραξαμένους
660 1421 705 1460 δὲ
723 1418 784 1460 ἔτι
812 1423 971 1470 βέλτιον
1000 1423 1215 1472 ἐπιμένειν,
1245 1419 1368 1474 ἄχρις
1389 1417 1439 1461 οὗ
1457 1423 1500 1470 ἐς
1525 1421 1647 1474 α’νάγ-

215 1495 288 1531 κην
317 1481 550 1534 α’φίκωνται
595 1483 856 1537 ἀποχωρεῖν,
888 1482 1153 1538 ἀποχωροῦσι
1196 1487 1239 1526 δὲ
1281 1485 1544 1526 ἐπιτίθεσθαι
1570 1487 1700 1532 ani-20

214 1546 304 1584 τίκα
329 1543 406 1586 σὺν
434 1551 516 1593 τοῖς
546 1546 740 1589 ἱππεῦσιν
767 1546 1019 1600 ἑπομένους,
1046 1549 1116 1590 καί
1138 1549 1338 1602 βλάπτειν
1367 1547 1392 1589 ὅ
1426 1565 1462 1590 τι
1488 1547 1540 1591 ἄν
1569 1552 1644 1590 δυ-

305 1690 338 1724 6.
369 1685 443 1732 οἷα]
471 1685 527 1728 οἷς
553 1691 577 1723 Ρ
710 1691 743 1724 9.
769 1690 817 1736 τῷ
845 1691 996 1736 ἐναντίῳ
1022 1691 1044 1723 Ρ
1166 1690 1217 1724 19.
1245 1691 1282 1725 δὲ
1308 1702 1363 1723 om
1391 1691 1415 1723 P

216 1835 288 1866 lum
313 1835 588 1868 emolumentum
608 1834 691 1868 inde
716 1837 881 1879 affulgere
899 1835 1015 1869 video.
1049 1837 1178 1869 etenim
1204 1836 1381 1875 Paiazstes,
1406 1835 1541 1877 Turbo,
1558 1847 1641 1868 avus

216 1886 310 1920 tuus,
334 1880 513 1925 quondam
542 1881 666 1914 Gallos
689 1882 954 1926 Burgundiones
992 1888 1028 1915 et
1051 1883 1234 1914 Pannones
1263 1882 1379 1922 fudit,
1403 1893 1520 1914 verum
1548 1881 1639 1914 nibil

216 1926 389 1958 commodi
414 1925 496 1958 inde
522 1928 690 1971 percepit.
743 1939 822 1960 nam
850 1929 884 1960 in
909 1939 1004 1960 suam
1031 1929 1207 1981 regionem
1232 1907 1486 1960 contendentes
1507 1933 1639 1960 semet·

215 1973 312 2014 ipsos
337 1977 371 2004 et
398 1973 574 2015 regionem
603 1980 794 2006 servarunt.
843 1985 960 2006 verum
987 1975 1015 2006 si
1041 1975 1265 2013 contrarium,
1289 1973 1382 2006 absit
1405 1985 1520 2013 omen,
1545 1974 1639 2017 acci-

216 2018 277 2050 dat
313 2022 348 2050 et
372 2019 571 2058 vincamur,
601 2019 731 2063 quibus
765 2021 922 2063 pericula
961 2021 1193 2059 immineant,
1221 2019 1383 2052 omnibus
1419 2025 1638 2063 perspectum

218 2075 291 2096 esse
316 2063 479 2096 arbitror.
524 2065 632 2096 satius
653 2067 769 2098 aufem
795 2076 872 2098 esse
898 2077 976 2098 reor
999 2077 1135 2109 semper
1169 2065 1296 2108 eligere
1323 2066 1451 2097 tutiora
1475 2065 1637 2103 consilia,

215 2120 260 2142 ne
284 2111 320 2142 in
346 2115 511 2142 terrorem
537 2111 693 2155 aliquem
729 2111 923 2143 incidamus
952 2117 986 2144 et
1011 2113 1208 2150 vincamur,
1245 2122 1362 2143 verum
1390 2116 1429 2143 ut
1455 2110 1636 2143 victoriam

216 2155 376 2188 hostibus
420 2162 692 2200 extorqueamus
711 2181 720 2196 ‚
757 2158 826 2189 nisi
861 2168 912 2189 res
948 2169 1019 2189 non
1051 2169 1093 2189 ex
1123 2156 1229 2188 animi
1256 2157 1432 2188 sententia
1460 2155 1634 2188 succedet.

215 2213 292 2234 cum
317 2202 422 2244 igitur
449 2202 579 2245 duplex
610 2203 736 2235 electio
765 2204 809 2235 sit
829 2203 1024 2255 proposita,
1050 2214 1116 2234 una
1141 2202 1339 2246 periculosa
1366 2207 1401 2234 et
1425 2202 1535 2234 altera
1559 2213 1635 2234 ma-

215 2248 263 2290 gis
288 2253 375 2288 tuta,
403 2248 636 2290 arripiendam
659 2249 824 2280 tutiorem
851 2250 930 2292 quis
958 2248 1130 2290 ambigit?
1159 2248 1238 2292 quis
1262 2258 1365 2279 sanae
1391 2249 1516 2280 mentis
1541 2258 1635 2280 com-

213 2305 278 2337 pos
307 2305 379 2326 non
404 2295 533 2326 tutiora
560 2295 666 2337 magis
690 2299 897 2338 sequeretur
916 2294 1089 2326 consilia?
1138 2293 1287 2337 proinde
1313 2298 1403 2326 retro
1431 2304 1575 2346 pergere
1601 2298 1635 2325 et

214 2339 337 2371 cedere
365 2339 458 2371 hosti
485 2350 550 2372 nec
571 2345 606 2372 te
631 2341 743 2379 decet,
770 2350 839 2378 rex,
866 2350 930 2371 nee
949 2350 1012 2382 ego
1042 2341 1216 2371 suaserim.
1268 2339 1387 2381 fugere
1413 2341 1504 2371 enim
1531 2339 1633 2371 vide-

213 2396 351 2424 remur,
389 2386 566 2430 animique
601 2365 761 2418 bostibds
787 2390 1006 2425 crescerent,
1036 2385 1137 2417 nobis
1172 2397 1253 2418 vero
1279 2386 1541 2424 minuerentur,
1568 2396 1635 2417 nec

212 2431 362 2475 amplius
387 2432 534 2464 Asianos
561 2437 596 2464 et
621 2432 816 2475 pedestrem
843 2431 1033 2462 exercitum
1070 2433 1221 2464 retinere
1246 2442 1436 2476 possemus.
1484 2408 1544 2463 sed
1568 2441 1634 2462 nec

213 2487 350 2519 pugnae
390 2488 557 2509 summam
604 2489 714 2509 rerum
753 2476 1036 2509 committendam
1075 2478 1232 2509 consulo.
1294 2489 1411 2509 verum
1439 2476 1633 2508 consultius

214 2523 374 2555 existimo
405 2529 443 2555 ut
482 2524 658 2566 augustias
685 2523 871 2566 diligenter
898 2522 1179 2567 praecludamus,
1204 2529 1239 2555 et
1267 2528 1337 2555 tam
1365 2522 1426 2554 diu
1453 2522 1632 2554 sedeamus

211 2567 271 2599 hic
296 2573 434 2612 tempus
471 2574 647 2608 terentes,
686 2568 799 2601 donec
822 2568 911 2600 hosti
940 2568 1186 2600 retrocedendi
1227 2570 1416 2601 necessitas
1445 2568 1632 2600 inliciatur.

214 2613 341 2645 deinde
362 2615 568 2647 cedentibus
593 2614 793 2647 instandum
814 2625 887 2646 esse
913 2614 1042 2653 iudico,
1071 2615 1266 2646 universum
1286 2615 1483 2659 equitatum
1510 2614 1545 2644 in
1574 2624 1633 2644 eus

214 2659 470 2700 immittentes,
500 2672 630 2705 eosque
655 2671 759 2706 quum
788 2661 935 2693 maxime
963 2671 1143 2704 possumus
1173 2661 1396 2704 affligentes.'’
1446 2659 1527 2691 huic
1552 2669 1634 2692 sen-
