1774 3204
244 162 340 211 548
609 169 825 210 ιΑοΝιει
869 169 1370 212 CHALCOCONDYLAE

243 267 359 323 αὐτῷ
386 267 684 321 προσβάλλοντι
704 269 775 308 καί
801 268 1098 319 εὐεπιχείρητα.
1155 269 1285 307 ταῦτα
1309 271 1385 319 μὲν
1413 264 1487 309 οὖν
1511 269 1569 322 μή
1597 284 1671 310 πο·-

199 333 368 382 Βλέμου
395 329 594 383 τεκμήριά
627 332 713 370 ἐστι
741 331 962 384 περιφανῆ,
1002 332 1078 384 ἀφ’
1108 325 1165 371 ὧν
1194 325 1245 371 ἄν
1273 346 1340 379 τις·
1364 331 1489 373 αὐτὸν
1512 332 1671 384 ε’πί,τὸν

110 398 230 432 v.228
244 392 422 444 πόλεμον
449 394 872 448 παρασκευασάμενον
919 393 999 434 ἀπὸ
1039 397 1190 435 πολλοῦ
1225 397 1544 449 διισχυρισαιτο,
1573 399 1670 438 δια-

242 457 472 514 μαχόμενον
499 465 583 505 τοῖς
616 456 746 506 οὕτως
775 459 962 506 ἐπιεικῶς
989 462 1331 511 βουλευομένοις-5
1359 463 1446 502 ἄλλ’
1475 463 1566 503 ἐπεὶ
1591 461 1668 502 πό-

242 527 361 573 λεμος
388 525 464 572 μὲν
501 523 598 576 ἡμῖν
641 522 884 576 κηρύττεται
923 525 967 564 ἐκ
1010 527 1164 565 πολλοῦ
1197 523 1378 580 προϊών,
1408 525 1566 580 τὰμὲν
1595 525 1704 581 ’ὖφ’5

241 585 352 640 αὐτῷ
378 585 620 638 ποιούμενος
651 589 896 642 ἀφαιρεῖται
915 588 1045 641 ἡμᾶς,
1074 590 1123 629 τὰ
1147 591 1192 630 δὲ
1215 591 1286 630 καί
1311 590 1546 643 διαβάλλων
1573 589 1671 639 τούς

240 649 465 698 ἐπιστάτας
507 652 623 708 αὐτῷ
665 651 716 692 τοὶ
744 651 964 707 πρόσφορα
1008 655 1266 707 ἐπιτηδεύει,
1293 655 1364 696 καί
1401 654 1499 697 κατὰ
1528 654 1668 709 βραχῦ

237 715 397 766 μεγάλα
420 715 770 768 προσποιούμενος
798 712 918 771 ἄφνω
939 718 1245 771 ἀπαρασκεύοις
1272 721 1311 761 εἰ
1337 718 1505 761 δυ’ναιτο
1536 721 1671 761 ἐπεισ-

240 784 404 830 πεσεῖν,
448 779 700 833 παραλαβών
745 778 829 821 ἅττ’
868 779 920 821 (ἲν
962 783 1072 838 αὐτῷ
1117 781 1292 834 δύναμιν
1321 783 1524 836 ἀξιόχρεω
1554 799 1672 838 περι-
1768 829 1774 833 ‚

242 840 471 896 ποιήσαιτο.
529 846 640 898 φημί
666 840 751 895 οὖν,
781 846 819 886 εἰ
844 844 902 899 μή
932 847 1109 897 πόλεμον
1137 845 1309 887 ἔσεσθαι
1341 846 1440 900 ἡμῖν
1467 847 1571 902 πρὸς
1597 850 1674 888 τοῦ
1687 859 1728 893 10
1758 834 1774 920 3

111 915 148 947 P.
163 910 444 958 293βασιλέως
472 908 780 960 ὑπισχνοῦνται,
815 912 955 950 τοῦτον
980 909 1034 964 μή
1058 911 1319 963 ἀναιρεῖσθαι
1351 910 1575 967 φάσκοντες
1603 910 1673 954 τὸν
1758 927 1774 960 ‘fi

242 970 444 1024 πόλεμον,
486 975 557 1013 καί
583 975 689 1026 μηδὲ
727 972 1056 1026 παραιρούμενον
1096 978 1167 1028 τῆς
1197 975 1396 1029 ἡμετέρας
1426 979 1560 1031 α’ρχῆς
1587 973 1674 1018 ἅττ’
1756 961 1774 1039 ᾖ

242 1033 292 1076 ἂν
322 1038 460 1090 δοκοίη
488 1035 613 1093 ῥᾴδια
643 1040 940 1091 προσχωρῆσαι
969 1039 1104 1095 αὐτῷ,
1142 1040 1325 1091 πόλεμον
1347 1041 1423 1091 μὲν
1454 1039 1513 1094 μὴ
1541 1047 1675 1081 ποιεῖ’-
1758 1039 1774 1083 'i

241 1105 358 1149 σθαι,
391 1099 568 1154 ἡσυχίαν
598 1103 643 1142 δὲ
672 1098 799 1157 ἄγειν,
826 1105 924 1156 μηδ’
942 1098 1085 1144 ’ὁτιοῦν
1116 1105 1230 1159 αυ’τῴ
1249 1106 1327 1145 τῶν
1358 1103 1533 1146 δεόντων
1559 1109 1675 1158 προϊ-
1766 1097 1774 1166 ξ

245 1168 486 1217 σχομένους.
560 1169 599 1208 εἰ
638 1169 683 1207 δὲ
711 1165 858 1215 πάντες
896 1169 1037 1208 τοῦτον
1063 1172 1382 1222 ξυνομολογοῧσι
1415 1170 1547 1223 δήπου
1576 1170 1674 1224 ἡμῖν
1689 1187 1730 1220 15
1760 1168 1774 1212 ,ἦ

243 1230 299 1278 ὥς
343 1234 638 1284 πολεμημένων
678 1233 829 1272 ἕκαστα
857 1231 1017 1273 πάντων
1053 1232 1235 1284 πρόσθεν
1262 1234 1596 1287 ἀποπειρώμενος
1625 1236 1679 1275 ου’
1764 1229 1774 1284 1³

242 1294 434 1346 παύεται,
465 1294 616 1347 πότερα
646 1292 806 1336 τούτων
836 1294 1088 1348 αἱρετώτερα
1116 1297 1225 1349 ἡμῖν,
1254 1298 1434 1350 ἦσυχιάν
1462 1300 1538 1350 μὲν
1567 1296 1677 1349 ὑμᾶς
1771 1291 1774 1307 ⁴

246 1354 419 1410 ἄγοντας
445 1357 722 1412 ἀφαιρεῖσθαι
753 1357 826 1412 τὴν
850 1360 1008 1412 χώραν,
1035 1361 1107 1400 καί
1124 1360 1180 1408 ὣς
1208 1361 1522 1415 πολεμήσαντας
1550 1362 1674 1418 αὐτῷ,

245 1419 268 1476 ἢ
298 1420 474 1474 πόλεμον
503 1424 670 1478 ἐμφανῆ
701 1422 848 1464 αὐτίκα
875 1428 1199 1474 καθισταμένους
1231 1427 1520 1468 ἐνδείκνυσθαι
1562 1428 1674 1481 αὐτῷ

209 1491 314 1540 Βτῆς
340 1486 543 1540 ἡμετέρας
575 1487 790 1538 δυνάμεως
831 1485 908 1528 ὅσα
940 1489 1115 1542 ἑχώρει;
1146 1492 1189 1530 ἐν
1218 1488 1298 1543 γάρ
1327 1492 1384 1547 τῷ
1413 1492 1575 1547 πολέμῳ,
1605 1492 1732 1542 κᾳίρο
1769 1483 1774 1486 ”

337 1607 391 1687 }7.
415 1605 576 1686 ”nggoa
604 1607 628 1639 P
722 1606 775 1639 18.
802 1604 850 1646 ὣς
873 1607 1171 1654 πολεμήσονταςξ)
1275 1608 1329 1642 19.
1357 1607 1394 1654 ἢ]
1420 1606 1440 1651 ἢ
1467 1609 1529 1647 ἔςῖ
1619 1609 1674 1643 20.

356 1664 456 1698 γχωρ
479 1666 492 1686 ⁶
509 1676 516 1684 ·

246 1757 425 1791 hostiliter
457 1756 715 1800 aggrederetur.
765 1764 801 1790 et
839 1758 980 1803 quidem
1018 1759 1092 1803 ipse
1121 1771 1213 1804 equo
1248 1765 1464 1794 transvectus
1497 1760 1674 1806 EurIpum‚

248 1803 498 1848 speculabatur
531 1814 599 1847 qua
637 1805 819 1836 commode
861 1816 936 1836 cum
963 1807 1072 1848 copiis
1097 1807 1241 1838 transire
1267 1812 1303 1839 et
1329 1806 1449 1838 urbem
1474 1818 1676 1851 oppugnare

247 1855 379 1894 posset.
409 1849 496 1880 haec
520 1849 682 1892 profecto
702 1850 888 1882 manifesta
913 1851 999 1882 belli
1027 1857 1109 1883 sunt
1132 1853 1240 1893 signa,
1268 1863 1310 1884 ex
1334 1853 1464 1896 quibus
1488 1853 1571 1886 satis
1597 1854 1675 1898 quis

247 1895 400 1940 probare
428 1900 546 1938 potest
575 1907 652 1926 eum
681 1895 882 1928 iamdudum
911 1897 1103 1928 decrevisse
1129 1899 1210 1929 satis
1245 1905 1487 1942 praeparatum
1512 1898 1676 1932 adversus

249 1941 338 1973 adeo
377 1940 543 1972 decenter
581 1941 819 1974 deliberantes
861 1953 1027 1985 pugnare.
1086 1954 1127 1975 eo
1161 1944 1197 1975 in
1222 1943 1338 1985 bello,
1373 1944 1469 1987 quod
1494 1945 1678 1978 nuntiatur

249 1986 454 2020 iamdudum
480 1986 644 2019 adversus
669 1998 734 2019 nos
760 1989 958 2031 sumpsisse,
985 1994 1125 2020 strenue
1140 1995 1274 2032 perget,
1290 1989 1461 2033 quaedam
1486 1990 1553 2022 sibi
1580 1991 1678 2023 subi-

249 2044 333 2076 gens
367 2033 542 2076 nobisque
578 2033 762 2065 auferens:
804 2033 1000 2077 quaedam,
1029 2035 1226 2077 praefectos
1260 2036 1416 2079 culpans,
1442 2035 1615 2077 subiiciet,
1642 2042 1678 2069 et

249 2079 527 2112 commodissima
553 2089 714 2122 quaeque
738 2079 941 2111 sectabitur.
989 2091 1069 2112 mox
1087 2082 1146 2112 isti
1171 2092 1274 2113 nemo
1301 2092 1336 2113 se
1362 2082 1578 2126 opposuerit,
1604 2093 1679 2114 ma-

250 2137 316 2168 gna
343 2125 504 2168 potentia
531 2125 729 2156 succinctus
755 2124 886 2164 subito,
913 2126 940 2157 si
967 2126 1122 2169 poterit,
1146 2127 1334 2170 imparatos
1362 2128 1548 2171 opprimet.
1596 2139 1677 2160 nam

250 2181 392 2212 magnas
422 2169 489 2201 sibi
516 2169 666 2201 conflare
692 2170 826 2213 poterit
850 2172 980 2214 copias,
1005 2182 1081 2203 cum
1103 2183 1174 2203 non
1200 2178 1312 2204 cesset
1336 2173 1502 2215 plurimos
1521 2183 1583 2206 suo
1610 2173 1677 2206 do-

251 2217 360 2248 minio
384 2226 493 2259 usqne
527 2215 729 2258 adiungere.
794 2216 904 2248 dicam
949 2218 1055 2259 igitur
1086 2217 1189 2249 nobis
1231 2229 1302 2250 non
1344 2218 1417 2250 fore
1442 2218 1575 2250 bellum
1600 2230 1676 2251 cum

253 2261 359 2304 rege?
407 2260 563 2304 quidam,
590 2261 686 2306 quod
714 2263 808 2300 scio,
842 2272 930 2294 vana
962 2274 1022 2306 spe
1049 2263 1254 2306 semetipsos
1283 2268 1318 2295 et
1341 2264 1426 2295 alios
1453 2263 1597 2304 lactant,
1621 2263 1678 2297 ‹li—

253 2313 372 2340 centes
397 2318 475 2339 eum
501 2318 681 2350 nunquam
707 2308 743 2339 in
767 2319 831 2339 nos
856 2318 1055 2339 aversurum
1080 2308 1167 2340 belli
1195 2314 1450 2352 tempestatem,
1473 2321 1589 2354 neque
1611 2321 1677 2343 nos

252 2359 373 2386 nostro
402 2351 669 2385 deturbaturum
695 2354 905 2397 principatu,
931 2354 1088 2397 quamvis
1115 2353 1149 2385 id
1176 2366 1217 2386 ex
1245 2355 1338 2387 sacili
1364 2361 1494 2398 posset.
1520 2366 1677 2400 quapro-

251 2406 332 2443 pter
358 2410 377 2430 a
403 2399 500 2430 bello
529 2398 630 2431 nobis
671 2404 926 2442 temperemus,
953 2410 1144 2443 pacemque
1171 2406 1206 2432 et
1231 2402 1523 2445 tranquillitatem
1548 2411 1677 2446 appre-

252 2444 462 2483 henderam,
488 2443 579 2476 nihil
618 2445 761 2477 interim
792 2445 841 2476 rei
878 2446 1095 2477 necessariae
1128 2447 1318 2478 oscitanter
1354 2447 1567 2482 omittentes.
1615 2457 1677 2479 ve-

253 2491 509 2523 rumenimvero
547 2490 576 2522 si
608 2501 649 2522 ex
678 2489 866 2534 praedictis
895 2492 962 2522 iam
989 2491 1094 2534 plane
1113 2491 1205 2534 apud
1231 2503 1351 2525 omnes
1375 2493 1411 2524 in
1438 2493 1598 2525 confesso
1625 2498 1678 2524 est

253 2549 332 2569 euin
358 2535 562 2568 iamdudum
589 2536 692 2568 nobis
715 2536 848 2568 bellum
876 2536 1058 2576 indixisse,
1087 2543 1204 2568 utrum
1227 2538 1328 2570 nobis
1355 2537 1614 2571 conducibilius
1641 2543 1678 2570 et

254 2582 451 2623 eligibilius
491 2582 564 2613 sore
601 2581 782 2621 iudicatis,
818 2583 1021 2626 quietemne
1063 2583 1225 2626 amplecti
1264 2589 1299 2615 et
1325 2585 1497 2625 regionem
1523 2588 1675 2616 nostram

253 2628 357 2660 nobis
383 2628 454 2670 pati
483 2628 598 2671 eripi,
638 2638 683 2660 an
712 2639 754 2660 ex
778 2633 900 2671 aperto
933 2627 1066 2660 bellum
1097 2630 1290 2661 inferentes
1315 2629 1500 2662 ostendere
1526 2629 1674 2661 barbaro

255 2678 386 2718 quanta
411 2673 518 2705 etiam
545 2678 663 2706 nostra
690 2674 734 2706 sit
756 2673 915 2718 potentia
945 2679 1171 2719 quantaeque
1195 2675 1314 2709 vires?
1360 2686 1440 2707 nam
1465 2675 1502 2707 in
1524 2674 1675 2707 manife-
