1858 3210
516 163 588 202 DE
627 162 799 202 RERUS
843 159 1093 201 TURClClS
1138 161 1183 199 L.
1213 160 1282 199 vl.
1507 151 1603 198 319

143 271 472 326 Πελοποννήσου
512 271 658 326 χώραν
686 270 846 326 α’φίστη
878 267 960 311 ἀπὸ
994 271 1202 323 βασιλέως
1221 301 1232 323 ,
1265 267 1359 325 [τήν
1388 281 1434 309 τε
1463 270 1603 311 Βοιω-

142 339 237 380 τίαν
264 340 440 392 κατέσχε
452 339 484 395 ,]
531 340 605 380 καί
643 337 719 390 τήν
749 337 902 391 Θηβῶν
930 335 1051 377 πόλιν
1081 335 1160 391 ὑφ’
1183 334 1298 393 αὐτῷ
1326 335 1604 391 ποιησάμενος

141 406 217 446 καί
254 404 480 457 ξύμπασαν
514 403 590 460 την
630 402 841 445 Βοιωτίαν
885 401 1076 456 κατέσχε.
1148 404 1222 442 καί
1260 401 1282 443 ὅ
1314 403 1391 456 τῆς
1416 401 1605 455 Ἀττικῆς

141 468 345 525 τύραννος
394 469 529 526 φόρον
567 484 613 512 τε
657 469 834 523 α’πάγειν
881 468 1000 524 αὐτῷ
1047 465 1382 520 ὑπισχνούμενος
1421 465 1605 516 σπονδὰς

108 534 382 591 ὅέποιήσατο.
453 535 527 578 καί
551 535 600 578 τό
627 550 672 577 τε
703 535 864 577 Πίνδον
905 530 1002 588 ’ὄρος
1034 560 1088 566 -
1118 531 1278 576 Βλάκοι
1308 536 1347 575 δ’
1373 535 1606 577 ἐνοικοῦσιν

144 599 266 658 affui,
295 605 380 646 τῶν
407 602 560 646 Δακῶν
584 599 861 656 ὅμόγλωττοι·
917 605 1002 650 τοῖς
1031 598 1147 655 παρὰ
1177 598 1252 641 τὸν
1281 594 1443 654 Ἴστρον
1473 599 1607 650 Δαξίν

143 665 365 722 ὅμοι’ωντο.
425 668 673 725 ἀφικόμενοι
703 666 821 721 παρὰ
852 670 999 708 τοῦτον
1019 667 1092 709 τὸν
1119 664 1320 721 ἡγεμόνα,
1348 666 1607 720 παραδιδόν.

141 748 210 784 τες
237 735 410 791 σφίσιν,
441 736 674 787 ἐπολέμουν
701 738 786 783 τοῖς
823 732 901 788 τήν
931 734 1161 775 Θετταλίαν
1190 734 1352 775 οἰκοῦσι
1389 733 1603 786 Τοιῖρκοις,

142 802 425 855 λαμβάνοντες
461 796 648 856 ἄρχοντα
708 800 823 855 παρὰ
874 802 952 842 τοῦ
995 799 1348 854 Πελοποννησίων
1393 797 1649 854 ἧγεμόνος,ι)

88 878 131 913 10
145 865 436 922 Λεωδορίκιόν
463 883 510 909 τε
541 867 588 908 τὸ
621 865 727 909 κατὰ
756 866 831 921 τὴν
862 868 1045 919 Λοκρῶν
1071 865 1220 920 χώραν
1248 864 1457 922 ῴκημένον
1485 869 1608 908 πολί-

140 949 275 989 χνιον,
305 935 470 976 Πίνδου
499 937 640 986 μέντοι
667 931 711 974 τὸ
740 932 845 975 κατὰ
875 931 953 987 τήν
982 935 1202 987 Φανδρίου
1232 931 1354 973 πόλιν
1384 932 1606 990 οἰκημένον,

142 995 329 1055 ἄρχοντα
359 1001 566 1054 λαμβάνει
599 997 681 1040 α’πὸ
711 1000 933 1052 βασιλέως.
989 998 1036 1041 τὸ
1059 1000 1106 1041 δὲ
1138 995 1197 1040 αὖ
1224 997 1332 1041 κατὰ
1354 999 1432 1054 την
1458 1001 1608 1053 Ἀχαΐ-

143 1081 194 1108 αν
222 1068 406 1122 καθῆκον
429 1068 652 1121 Ἀραβαῖοι
684 1062 818 1123 ᾤκουν
848 1063 999 1119 ἄνδρες
1025 1053 1250 1118 ίΑλβανοί,
1281 1063 1363 1106 ὕπὸ
1398 1069 1608 1119 βασιλέως

141 1135 489 1188 συγχωρηθέντες
517 1127 667 1187 ἄρχειν
695 1135 766 1187 τῆς
796 1131 996 1190 πατρῴας
1027 1134 1171 1173 αὐτῶν
1198 1130 1371 1187 χώρας·
1433 1133 1506 1174 καί
1534 1126 1607 1174 οὗ·

87 1209 130 1244 15
143 1214 206 1241 τοι
226 1199 434 1255 ’ἀφίκοντο
465 1201 509 1247 ἐς
534 1198 633 1251 τούς
652 1197 863 1254 Ἕλληνας.
922 1197 1170 1253 συναγαγών
1203 1199 1251 1240 δὲ
1278 1200 1352 1240 καί
1381 1197 1608 1252 ξύμπασαν

141 1265 215 1321 τὴν
241 1262 564 1320 Πελοπόννησον
608 1267 652 1315 ἒς
688 1266 760 1308 τὸν
795 1265 967 1319 Ἰσθμὸν
997 1264 1199 1319 ἐτείχισεν
1226 1264 1381 1317 αὐτόν,
1414 1264 1472 1314 ὦς
1501 1263 1607 1320 ἡδύ-

142 1347 240 1374 νατο
266 1327 474 1386 τάχιστα,
517 1333 778 1386 συγκαλέσας
820 1333 956 1373 αὐτοῦ
1005 1331 1079 1373 καί
1105 1331 1175 1373 τὸν
1218 1328 1404 1388 ἀδελφόν
1415 1364 1428 1385 ,
1457 1333 1530 1373 καί
1556 1327 1608 1386 ἧς

143 1397 276 1448 αὐτὸς
307 1394 415 1454 ἦρχε
431 1397 590 1453 χώρας,
619 1397 864 1452 ξύμπαντας
892 1396 1078 1441 ἐνταῦθα
1098 1399 1484 1452 μεταπεμψάμενος
1511 1400 1606 1453 ε’λη-
1622 1409 1657 1442 Ρ.
1674 1408 1740 1443 169

145 1467 264 1508 λάκει
292 1464 338 1508 τὸ
372 1471 525 1522 τεῖχος,
557 1464 777 1521 παραδοὺς
806 1463 870 1506 ἔνι’
902 1462 1061 1522 ἑκάστῳ
1091 1462 1190 1507 ὅσον
1221 1466 1266 1506 ἐν
1283 1466 1441 1522 τοσῷδε
1470 1464 1609 1522 χρόνῳ

87 1540 133 1577 20
147 1535 373 1589 παρέχοιτο
405 1528 739 1590 ᾠκοδομημένον.
772 1530 829 1580 ὥς
858 1532 903 1572 δὲ
945 1530 991 1573 τὸ
1028 1537 1165 1585 τεῖχος
1194 1533 1273 1573 τοῦ
1298 1532 1471 1583 Ἰσθμοῦ
1497 1532 1610 1586 αὐτῷ
1656 1525 1663 1532 “

240 1667 274 1702 6.
301 1666 408 1704 αὐτοὶ
430 1668 455 1701 Ρ
571 1667 606 1700 8.
635 1666 738 1713 σφᾶς
765 1666 780 1699 ?
903 1666 956 1699 17.
985 1658 1038 1713 ἧς]
1066 1664 1114 1704 ὡς
1142 1666 1175 1698 P.

149 1805 223 1828 sam
252 1793 538 1840 Peloponnesum
555 1817 563 1831 ,
602 1797 744 1836 praeter
773 1791 947 1830 Thomae,
973 1791 1035 1836 qui
1063 1791 1171 1823 frater
1197 1796 1273 1824 erat
1299 1790 1401 1835 τρεῖς,
1429 1791 1609 1833 regionem

149 1840 322 1876 obtinuit.
371 1840 481 1873 etiam
509 1838 682 1872 Isthmum
709 1849 810 1872 muro
836 1838 1025 1871 includere
1059 1838 1228 1884 parabat3
1270 1849 1338 1871 nec
1362 1837 1526 1871 cessabat
1555 1849 1610 1870 re-

151 1890 204 1933 gis
230 1888 434 1933 regionem,
460 1897 553 1932 quae
591 1891 690 1919 extra
727 1886 1016 1930 Peloponnesum
1046 1891 1119 1925 est,
1146 1885 1190 1918 ad
1214 1885 1456 1919 defectionem
1487 1885 1611 1918 solici-

150 1941 238 1969 tare.
289 1934 479 1968 Boeotiam
520 1939 556 1967 et
593 1933 852 1967 Thebanorum
891 1932 1017 1965 urbem
1052 1933 1329 1978 universamque
1362 1931 1546 1965 Boeotiam
1574 1933 1611 1966 in

152 1982 334 2016 dicionem
358 1980 507 2025 redegit.
558 1981 695 2014 Atticae
716 1986 888 2023 tyrannus
909 1981 983 2013 sive
1004 1981 1169 2025 princeps
1194 1980 1348 2013 nolebat
1370 1991 1448 2012 cum
1470 1991 1512 2012 eo
1541 1991 1611 2024 pu-

151 2040 272 2074 gnare,
296 2039 418 2063 verum
441 2027 618 2061 tributum
646 2038 684 2060 se
710 2027 904 2073 quotannis
940 2028 1007 2072 ipsi
1034 2038 1227 2071 pensurum
1256 2026 1500 2072 promittebat.
1529 2027 1612 2058 hinc

151 2075 298 2111 foedere
325 2076 396 2109 icto
427 2076 467 2109 in
491 2075 682 2109 amicitiam
699 2079 863 2119 receptus
889 2079 954 2107 est.
1007 2074 1157 2107 Pindum
1183 2085 1328 2120 quoque
1354 2074 1477 2119 (quem
1503 2073 1612 2106 hodie

149 2123 324 2158 Mezzono
349 2122 553 2168 appellant)
591 2123 790 2166 occupavit.
838 2121 934 2154 hunc
974 2127 1130 2155 montem
1155 2121 1251 2154 Blaci
1276 2122 1452 2161 incolunt,
1479 2121 1611 2166 quibus

153 2171 279 2205 eadem
317 2180 398 2204 cum
436 2169 541 2203 Dacis
577 2174 633 2203 est
666 2170 809 2214 lingua3
838 2178 906 2202 nec
930 2169 1123 2214 quicquam
1159 2169 1204 2201 ab
1232 2169 1363 2209 Dacis,
1396 2169 1458 2212 qui
1483 2170 1612 2200 Istrum

153 2217 331 2259 accolunt,
357 2217 501 2251 differre
536 2221 812 2260 cognoscuntur.
874 2215 1107 2249 advenientes
1136 2217 1244 2260 igitur
1276 2215 1320 2248 ad
1347 2216 1457 2248 istum
1485 2214 1613 2247 ducem

154 2277 192 2299 se
218 2265 286 2310 ipsi
323 2263 357 2297 ei
385 2263 627 2306 dediderunt,
664 2269 700 2297 et
731 2263 903 2308 deinceps
939 2263 1078 2296 bellum
1118 2263 1292 2306 gerebant
1318 2272 1397 2296 cum
1424 2262 1550 2294 'Pureis
1576 2262 1614 2294 in

151 2311 342 2346 Thessalia
382 2311 655 2351 habitantibus,
691 2311 910 2356 accipientes
947 2309 1073 2344 ducem
1098 2310 1143 2343 ab
1176 2309 1484 2355 Peloponnesiaco
1511 2309 1613 2352 prin-

153 2360 245 2405 cipess
293 2357 543 2392 Leodoricium
573 2357 788 2404 oppidulum
813 2358 851 2392 in
875 2358 1105 2391 Locrensium
1132 2358 1277 2401 regione
1303 2357 1407 2389 situm
1438 2362 1475 2389 et
1501 2355 1613 2389 Pindo

153 2405 365 2445 adhaerens,
391 2415 510 2439 versus
536 2405 755 2439 Phandrium
780 2405 919 2444 urbem,
943 2405 1142 2450 principem
1169 2415 1188 2436 a
1214 2414 1296 2447 rege
1325 2403 1467 2448 accipit.
1517 2402 1615 2435 hunc

154 2457 328 2494 montem,
353 2463 423 2499 qua
452 2463 490 2486 se
514 2453 551 2490 in
575 2452 742 2486 Achaiam
767 2452 942 2497 porrigit,
969 2451 1177 2485 inhabitant
1203 2450 1353 2483 Arabaei
1378 2450 1445 2482 viri
1472 2449 1615 2489 Albani,

155 2500 288 2547 quibus
313 2499 524 2545 permissum
547 2505 601 2533 est
619 2500 665 2533 ab
691 2510 772 2544 rege
796 2500 947 2544 patriam
974 2510 1074 2532 suam
1094 2509 1213 2542 regere
1239 2498 1433 2541 regionem.
1459 2496 1495 2529 hi
1521 2508 1616 2542 quo-

155 2559 226 2594 que
254 2546 300 2580 ad
327 2547 481 2580 Graecos
506 2545 733 2580 deficiebant.
782 2547 999 2580 contrahens
1026 2547 1134 2589 igitur
1158 2545 1358 2577 universam
1386 2544 1617 2589 Peloponne-

155 2606 231 2628 sum
259 2594 295 2627 in
321 2592 509 2636 Isthmum,
531 2605 631 2627 muro
664 2605 744 2627 eum
763 2593 908 2637 cingere
935 2593 1106 2626 instituit.
1156 2603 1246 2636 opus
1272 2596 1393 2623 autem
1418 2590 1514 2624 istud
1539 2602 1618 2624 ma-

156 2641 291 2675 turavit
315 2640 490 2674 accersito
524 2640 656 2681 fratre,
682 2642 743 2687 qui
774 2647 812 2674 et
835 2642 913 2685 ipse
943 2641 1126 2684 regionem
1162 2639 1228 2671 sub
1254 2649 1292 2670 se
1318 2637 1488 2672 habebat.
1535 2639 1620 2672 uni-

154 2699 276 2722 versos
304 2689 412 2732 igitur
439 2687 509 2720 huc
535 2698 752 2732 congregans
779 2698 918 2721 murum
943 2687 1074 2726 divisit,
1101 2691 1137 2718 et
1161 2685 1312 2729 singulis
1329 2690 1476 2726 tantam,
1500 2696 1618 2731 quan-

157 2740 230 2769 tam
255 2735 354 2769 brevi
392 2739 554 2769 extruere
593 2740 768 2780 possent,
794 2739 935 2780 partem
978 2733 1181 2778 assignavit.
1241 2743 1361 2766 murus
1386 2732 1510 2767 Isthmi
1539 2743 1618 2767 cum
