1748 3210
203 169 297 211 200
538 170 754 210 LAONlCi
792 170 1298 213 CHALCOCONDYLAE

305 267 376 312 Ὡς
402 268 479 316 μὲν
506 261 579 306 οὖν
597 268 648 322 τῇ
683 266 795 307 πόλει
824 268 955 323 ταύτῃ
984 270 1162 320 πόλεμον
1189 270 1431 324 ἐπαγγείλας
1458 274 1634 326 Mamae-

203 346 274 383 της
313 329 334 370 ὄ
373 328 631 382 Παιαζήτεω
671 337 788 386 παῖς,
827 332 899 373 καί
942 333 1126 386 τριήρεις
1172 333 1416 388 ἐπλήρωσαν
1447 338 1518 378 ἐπὶ
1543 342 1634 382 ταῖς

204 399 492 448 προφυλακαῖς
525 392 652 442 ἄλλας
681 397 747 437 αἐἱ
772 399 841 436 καί
871 397 946 437 δύο
974 399 1218 450 γενομένας,
1245 397 1389 440 ἔπλεον
1417 395 1543 442 αὗται
1566 402 1637 441 sv'·

204 458 259 498 θὺ
282 458 591 512 Ἑλλησπόντου,
622 459 849 512 ἡγουμένου
870 463 1037 515 Πέτρου
1068 462 1142 501 τοῦ
1174 463 1463 515 Λαυρεδάνων
1491 465 1634 516 οἰκίας,

206 521 250 570 ὃς
280 521 453 574 ὕστερον
479 523 551 564 καί
590 522 666 578 τήν
705 524 774 565 ἐπὶ
801 526 894 573 τοὺς
928 527 1127 573 Ἰανυΐους
1157 529 1409 580 στρατηγίαν
1437 526 1671 582 ἐστρατη-ξ)

205 589 336 641 γηκῶς
365 587 648 641 εύὸοκιζιιησεν.
707 584 826 637 οὗτος
855 588 903 643 δή
936 586 1009 631 οὖν
1040 588 1116 631 σύν
1141 597 1231 639 ταῖς
1259 594 1406 633 ναυσίν
1434 592 1638 648 οἷφικόμε-

206 666 274 698 νος
301 653 343 699 ἐς
371 651 442 694 τὸν
475 651 769 707 Ἑλλήσποντον
809 655 880 696 ἐπὶ
906 656 976 708 τῆς
1010 653 1357 704 Καλλιουπόλεως
1407 655 1642 710 α’νεκώχευε

205 717 439 768 μετεώρους
482 716 556 766 τὰς
583 721 683 767 ναῦς
723 721 765 759 ἐν
793 722 850 775 τῷ
878 720 1068 772 πελάγει,
1096 717 1200 760 ἑκών
1225 723 1301 772 μὲν
1331 721 1410 774 οὐχ
1438 719 1641 775 ὑπάρχων

206 783 415 832 πολέμου·
446 779 579 822 ἐδόκει
608 799 650 824 τε
679 784 757 838 γὰρ
785 784 927 839 εἰρήνη
955 800 997 825 τε
1034 781 1137 825 εἶναι
1167 787 1239 826 καί
1267 785 1343 834 τὰς
1371 783 1555 835 σπονδὰς
1579 785 1637 839 μή

163 846 422 898 numine-ac,
455 850 526 888 καί
556 846 730 899 ἀμύνειν
756 852 897 901 μέντοι
926 848 1187 904 ἐπηγγέλλετο
1215 850 1345 906 αὐτῷ,
1378 847 1563 902 ὑπάρξαι
1595 852 1639 891 δὲ
1655 863 1698 896 10

95 910 195 946 V-84
207 913 387 962 πολέμου
415 915 579 970 μηκέτι.
636 913 771 954 ἐδόκει
789 929 831 955 τε
859 912 938 967 γάρ
968 913 1115 968 καίμή
1147 918 1350 968 πολεμεῖν,
1375 917 1454 956 τῶν
1483 913 1641 956 πόλεων

208 977 329 1029 σφίσι
358 977 402 1016 ἐν
439 979 489 1033 τῇ
531 979 606 1017 τοῦ
639 979 875 1030 Μεχμέτεω
908 980 1028 1035 χώρᾳ
1072 975 1153 1019 ὑπὸ
1198 980 1391 1031 Τούρκων
1417 977 1475 1032 μὴ
1507 982 1641 1026 κακῶς

207 1039 411 1092 πάσχειν,
439 1038 482 1082 ἔν
510 1057 554 1083 τε
579 1044 631 1097 τῇ
659 1042 760 1096 πρὸς
798 1042 868 1083 τὸν
896 1043 1038 1084 Ἰόνιον
1074 1043 1144 1085 καί
1170 1044 1213 1084 ἐν
1241 1045 1296 1098 τῷ
1321 1043 1486 1100 Αἰγαίῳ
1515 1043 1641 1084 πελά-

207 1119 283 1156 γει.
340 1107 473 1162 τούτῳ
515 1109 592 1158 μὲν
626 1103 700 1148 οὖν
743 1107 854 1148 οὕτω
894 1109 1154 1149 ἐπιτέτακται
1187 1107 1267 1148 ὑπὸ
1298 1109 1371 1161 τῆς
1398 1105 1640 1162 συγκλήτου,

209 1168 468 1221 α’μυνόμενον
495 1174 573 1222 μὲν
603 1173 963 1226 διαναυμαχῆσαι,
991 1169 1132 1213 ἑκόντα
1165 1175 1211 1214 δὲ
1236 1169 1343 1214 εἶναι
1368 1171 1427 1226 μὴ
1458 1170 1640 1226 ὑπάρξαι
1657 1185 1699 1218 15

207 1235 402 1285 πολέμου.
479 1233 535 1283 ὥς
562 1237 608 1276 δὲ
647 1238 818 1291 α’φίκετο
860 1239 902 1285 ἐς
941 1235 1012 1278 τὸν
1034 1235 1330 1291 Ἑλλήσποντον
1358 1237 1430 1277 καί
1458 1235 1539 1276 οἷπὸ
1570 1238 1644 1290 τῆς

202 1293 349 1347 Ἀσίας
376 1296 594 1354 ἑδρεύοντο
622 1300 667 1342 αἱ
695 1301 887 1356 τριήρεις,
919 1301 941 1341 ὁ
970 1304 1041 1356 τῆς
1074 1300 1426 1349 Καλλιουπόλεως
1456 1297 1644 1355 ’ὕπαρχος

210 1362 348 1404 οὐκέτι
395 1364 620 1418 α’νασχετὸν
663 1368 840 1407 ἐποιεῖτο
878 1365 972 1414 τούς
1006 1365 1228 1414 Ουένετοὺς
1269 1363 1379 1406 οὕτω
1405 1366 1646 1420 περιφανῶς

213 1427 422 1481 ὑβρίζειν,
467 1426 531 1470 ὅτι
570 1430 627 1484 μή
659 1430 732 1471 τὸν
762 1433 891 1471 παῖδα
920 1434 994 1471 τοῦ
1032 1431 1229 1484 ἡγεμόνος
1257 1430 1332 1471 τοῦ
1365 1432 1644 1483 Φουσκαρέων
1685 1440 1690 1443 “

80 1500 111 1532 P.
132 1498 196 1532 107
213 1494 343 1543 οἰκίας
390 1497 498 1549 φασί
537 1497 831 1549 νεωτερίζοντα
869 1494 1094 1537 ἑαλωκέναι
1137 1494 1216 1536 ὑπὸ
1258 1496 1339 1536 τῶν
1377 1496 1450 1548 τῆς
1486 1494 1702 1544 πόλεωςρο

303 1610 337 1642 5·
365 1606 416 1656 ὃς]
445 1611 480 1647 ἐς
506 1611 528 1642 Ρ
694 1614 915 1658 στρατηγίαν
951 1613 1013 1645 καὶ
1053 1611 1303 1656 στρατηγικῶς
1330 1611 1354 1643 Ρ
1518 1608 1552 1642 8.
1581 1608 1646 1644 οὔκ

305 1655 482 1701 ἐπάρχων
508 1658 531 1690 Ρ
660 1658 714 1691 19.
746 1658 801 1692 ὅτι
821 1655 884 1704 μή]
913 1655 972 1692 ὅτε
1007 1658 1090 1691 zai?
1117 1658 1185 1690 nisi
1218 1657 1304 1689 haec
1328 1655 1372 1688 de
1390 1656 1541 1689 Foscaro
1562 1667 1644 1688 nar-

305 1703 676 1781 ἷίἓὶᾶξωειὼίυηςθωὶα
709 1709 762 1737 est
794 1705 835 1737 iis
876 1715 967 1749 quae
1006 1704 1113 1748 paulo
1149 1708 1229 1736 ante
1255 1703 1298 1735 de
1322 1701 1518 1735 Baimundo
1564 1707 1647 1735 sunt

307 1854 523 1887 Mechmetes
561 1856 668 1898 igitur
692 1857 852 1888 Paiazitis
879 1856 972 1888 filius
1012 1867 1089 1888 cum
1115 1855 1249 1888 bellum
1283 1854 1429 1887 Venetis
1455 1853 1643 1893 indiceret,

218 1901 387 1941 triremes,
411 1913 502 1946 quae
527 1913 664 1945 semper
694 1903 796 1934 binae
824 1903 861 1934 in
885 1902 1160 1946 propugnaculis
1186 1906 1311 1941 erant,
1337 1901 1584 1944 impleverunt,
1611 1904 1648 1931 et

218 1953 310 1979 recta
338 1949 545 1991 navigarunt
571 1949 606 1979 in
630 1949 912 1992 Hellespontum,
938 1948 1028 1980 duce
1052 1949 1153 1981 Petro
1180 1948 1334 1979 familiae
1346 1945 1648 1988 Lauredanorum,

218 1994 340 2036 quiin
384 1993 615 2037 expeditione
656 1999 776 2027 contra
813 1995 1003 2027 Ianuenses
1041 1993 1286 2026 admirabilem
1321 1993 1516 2025 claritatem
1544 1990 1648 2024 rebus

220 2041 359 2072 sortiter
384 2040 489 2082 gestis
517 2040 585 2072 sibi
611 2045 803 2084 paraverat.
850 2040 907 2072 hic
934 2040 996 2073 ubi
1032 2051 1108 2072 cum
1138 2040 1286 2072 navibus
1312 2040 1348 2071 in
1378 2039 1648 2082 Hellespontum

219 2085 436 2125 advenisset,
462 2097 481 2118 e
511 2086 653 2129 regione
683 2087 892 2130 Calliopolis
926 2087 1005 2118 vela
1039 2085 1242 2130 expandens
1267 2085 1438 2128 praelium
1461 2082 1556 2116 haud
1582 2094 1648 2116 vo-

220 2133 311 2164 lenti
337 2132 455 2164 animo
489 2133 581 2164 inire
619 2133 655 2164 in
685 2133 837 2164 animum
872 2132 1069 2165 induxerat.
1129 2143 1196 2175 pax
1235 2131 1327 2164 enim
1354 2129 1469 2162 adhuc
1492 2130 1648 2172 vigorem

221 2190 320 2210 suurn
347 2177 521 2218 obtinere,
549 2189 614 2211 nec
639 2178 720 2210 dum
748 2178 891 2211 foedera
921 2180 1052 2211 violata
1079 2189 1152 2211 esse
1170 2177 1392 2210 videbantur.
1443 2180 1518 2208 erat
1542 2185 1648 2220 prae·

220 2231 316 2256 terea
345 2235 364 2255 a
388 2229 510 2256 senatu
535 2225 588 2257 illi
618 2225 826 2268 imperatum
857 2230 894 2257 ut
920 2225 1131 2257 defenderet
1160 2224 1279 2268 potius
1296 2246 1305 2262 ‚
1331 2233 1397 2255 nec
1423 2221 1521 2266 prior
1544 2231 1648 2265 prae-

219 2271 305 2302 lium
333 2270 563 2303 exordiretur.
626 2272 738 2303 visum
770 2272 861 2302 enim
903 2277 955 2303 est
978 2271 1124 2303 Venetis
1153 2281 1226 2302 non
1259 2268 1404 2301 hostilia
1431 2267 1569 2307 facere,
1603 2277 1648 2299 ne

220 2317 324 2349 urbe&
350 2317 503 2360 ipsorum
545 2317 582 2348 in
607 2316 812 2349 Mechmetis
850 2318 994 2360 regione
1019 2327 1104 2361 quas
1130 2314 1333 2354 habebant,
1359 2313 1497 2358 aliquid
1518 2313 1603 2346 mali
1630 2324 1650 2344 a

219 2363 344 2396 Turcis
371 2368 588 2406 paterentur.
647 2363 712 2395 hae
750 2368 866 2395 autem
895 2364 983 2396 sitae
1021 2367 1121 2396 erant
1152 2363 1189 2394 in
1217 2361 1361 2404 regione
1389 2371 1481 2404 quae
1509 2359 1650 2392 Ionium

222 2414 381 2452 spectat,
419 2411 517 2441 etin
542 2410 680 2451 Aegaeo
711 2410 808 2441 mari.
873 2415 1014 2442 senatus
1051 2409 1158 2452 igitur
1193 2408 1408 2440 Venetorum
1445 2404 1650 2439 mandat-um

221 2454 424 2487 huiusmodi
460 2466 524 2487 suo
550 2455 629 2486 duci
660 2454 819 2495 dederat,
851 2460 889 2487 ut
914 2467 986 2487 non
1022 2456 1117 2498 prior
1145 2465 1237 2486 arma
1265 2453 1424 2492 inferret,
1448 2463 1514 2484 nec
1539 2451 1649 2484 laces-

222 2512 312 2540 sens,
337 2512 455 2533 verum
482 2501 664 2534 lacessitus
689 2501 857 2545 praelium
887 2503 1073 2546 occiperet.
1121 2505 1160 2532 ut
1183 2500 1281 2532 venit
1306 2499 1342 2531 in
1368 2498 1650 2543 Hellespontum,

222 2558 288 2579 nec
317 2547 464 2579 multum
490 2547 533 2579 ab
557 2547 637 2579 Asia
663 2558 768 2579 naves
796 2553 954 2588 starent,
983 2546 1189 2590 Calliopolis
1230 2546 1298 2577 dux
1323 2556 1396 2577 non
1425 2543 1574 2588 amplius
1600 2543 1652 2575 fe—

223 2592 351 2625 rendos
376 2604 452 2625 esse
481 2593 622 2626 dicebat
662 2594 722 2638 qui
760 2604 802 2625 ex
841 2599 964 2636 aperto
993 2593 1216 2625 contumeliis
1241 2597 1276 2624 et
1301 2590 1440 2623 iniuriis
1463 2595 1650 2622 certarent.

226 2639 317 2683 quod
340 2639 432 2671 filius
457 2640 554 2671 ducis
580 2651 598 2672 e
616 2639 747 2671 familia
767 2640 1016 2672 Phoscarorum
1035 2639 1077 2670 ab
1095 2639 1299 2670 decemviris
1317 2642 1437 2681 captus
1461 2636 1498 2669 in
1523 2635 1652 2679 gravis·

223 2687 344 2717 simam
371 2687 615 2719 necessitatem
639 2687 790 2719 venisset
811 2686 909 2730 quasi
936 2685 1120 2718 seditionis
1144 2689 1266 2717 auctor
1290 2688 1326 2716 et
1345 2692 1512 2717 novarum
1538 2691 1652 2714 rerum

1731 73 1741 134 ⁴1....;
1721 0 1741 63 ...fi
