1774 3204
257 188 352 236 524
587 194 804 235 LAONlCl
841 192 1345 234 CHALCOCONDYLAE

255 296 297 340 ἐς
325 291 399 345 τὴν
428 282 592 345 ἤπειρον
618 292 838 342 ἐκομίζετο,
871 287 1159 342 ἐποτρύνοντος
1185 291 1262 330 τοῦ
1281 288 1598 341 Μαχουμούτεω
1623 285 1681 339 μὴ

256 359 530 408 ἐνδιατρίβειν
559 356 603 394 έν
630 359 679 410 τῇ
710 355 841 411 νήσῳ·
918 352 1231 407 Μαχουμούτης
1259 355 1304 394 δὲ
1334 350 1588 406 παραλαβών
1613 351 1686 391 τὸν

255 420 428 473 στρατὸν
453 418 677 471 ἐπολιόρκει
707 418 782 472 τὴν
809 418 941 468 πόλιν,
973 422 1014 467 ές
1029 419 1179 472 μοίρας
1207 416 1440 471 διελόμενος
1467 415 1536 458 τὸν
1562 432 1685 470 στρα-

255 484 334 534 τόν,
364 483 434 524 καί
469 489 553 532 τοῖς
583 499 627 524 τε
654 483 884 538 τηλεβόλοις
922 482 967 524 τὸ
998 489 1134 536 τεῖχος
1170 482 1313 524 ἔπαιεν
1340 480 1410 523 ἐπὶ
1435 481 1596 535 ἡμέρας
1619 479 1683 522 ἐἴ-

256 564 346 589 κοσι
374 546 444 588 καί
465 546 586 600 ἑπτά,
614 550 685 588 καί
709 550 939 600 κατέβαλλε
965 550 1073 601 μέγα
1100 550 1225 602 μέρος
1252 549 1322 600 τῆς
1348 543 1518 594 πόλεως.
1575 542 1718 597 ἕχων5

216 615 301 653 ῡὸὲ
332 611 400 652 καὶ
426 609 594 658 ὑπτίους
625 609 868 665 τηλεβόλους
897 610 1065 662 ἔβαλλεν
1085 610 1128 659 ἐς
1156 610 1230 664 τὴν
1252 609 1382 659 πόλιν,
1410 612 1482 650 καί
1509 605 1557 662 δν)
1584 611 1687 650 ἐθο-

257 675 377 727 ρύβει
404 674 498 722 τούς
531 677 574 715 ἐν
605 677 654 730 τῇ
681 673 812 715 πόλει.
884 673 921 716 οἱ
966 678 1011 717 δὲ
1041 674 1085 716 έν
1114 677 1161 730 τῇ
1190 674 1324 728 πόλει,
1362 673 1535 715 ἐνόντων
1564 672 1686 727 σφίσι

258 742 330 780 καί
358 740 562 792 πειρατῶν
591 743 712 780 τινῶν
743 741 884 794 αὐτοῦ,
912 740 1137 791 ἐπεξιόντες
1163 737 1302 793 βραχὺ
1322 737 1402 780 ἀπὸ
1433 740 1506 792 τῆς
1533 736 1686 785 πόλεως

263 804 479 856 η’μὺνοντο,
511 804 563 843 ου’
589 807 728 855 μέντοι
755 819 800 856 γε
829 803 883 852 ὥς
911 803 1069 857 α’γαθόν
1097 820 1138 845 τι
1167 802 1485 857 ἐξεργάζεσθαι·
1541 800 1578 842 οἱ
1603 800 1682 854 γὰρ

261 871 436 920 Τοῦρκοι
465 870 748 922 έρεθιζὸμενοι
780 868 858 908 ὑπὸ
890 871 970 909 τῶν
1003 871 1047 910 έν
1079 871 1130 925 τῇ
1157 867 1273 909 πόλει
1303 868 1536 925 προσῄεσαν
1563 869 1605 914 ἐς
1635 867 1679 908 τό
1699 877 1740 911 10

253 939 407 987 τεῖχος,
434 932 506 973 καί
533 933 793 986 ἀνεθάρρουν
820 932 1022 983 ἐπιόντες,
1058 935 1130 974 καί
1158 931 1362 985 ἐμάχοντο
1390 931 1494 987 πρὸς
1517 933 1573 987 τῷ
1598 931 1686 972 τεί-

255 1012 333 1049 χει.
389 997 446 1044 ώς
480 998 525 1037 δὲ
555 996 594 1037 οἱ
621 999 665 1037 έν
685 998 733 1052 τῇ
760 993 876 1037 πόλει
907 997 962 1052 τῷ
980 1011 1022 1038 τε
1050 995 1202 1050 πλήθει
1225 996 1587 1050 ἐταλαιπωροῦντο
1615 997 1686 1035 καί

255 1064 460 1112 ἐπιέζοντο
490 1064 536 1117 τῇ
567 1060 840 1116 ταλαιπωρίᾳ,
870 1063 1100 1115 προσέφερε
1129 1059 1275 1114 λόγους
1293 1062 1350 1116 τῷ
1374 1063 1545 1112 βασιλεῖ’
1565 1058 1586 1099 ὃ
1614 1059 1684 1110 τῆς

254 1125 380 1178 νήσου
410 1124 574 1179 ἡγεμών
596 1155 607 1176 ,
645 1123 712 1180 ἐφ’
751 1119 786 1182 ᾦ
815 1123 1087 1178 παραδιδόναι
1117 1140 1162 1166 τε
1199 1124 1272 1178 τήν
1308 1123 1427 1166 πόλιν
1453 1125 1525 1165 κατ’
1551 1118 1684 1165 τᾶλλα

257 1192 487 1240 πολίσματα
515 1189 566 1230 τὰ
595 1192 639 1231 ἐν
666 1192 716 1245 τῇ
731 1188 860 1240 πόλει,
886 1190 998 1244 αὐτῷ
1021 1190 1067 1230 δὲ
1095 1188 1176 1229 ὑπὸ
1197 1190 1402 1241 βασιλέως
1425 1187 1570 1242 χώραν
1599 1189 1684 1228 δω-
1699 1190 1741 1224 15

131 1267 245 1301 Ρ,280
259 1255 436 1307 ρηθῆναι
464 1252 557 1307 ἴσην
585 1256 637 1309 τῇ
663 1251 813 1294 ἑαυτοῦ
841 1254 912 1294 καί
928 1252 1145 1308 πρόσοδον,
1171 1253 1242 1294 καὶ
1267 1251 1567 1307 στρατεύεσθαι
1595 1249 1685 1303 ἅμα

258 1321 311 1374 τῷ
341 1321 517 1370 βασιλεῖ.
573 1317 892 1372 Μαχουμούτης
920 1319 998 1369 μὲν
1037 1313 1110 1358 οὖν
1137 1317 1233 1366 τούς
1259 1333 1304 1359 τε
1332 1315 1478 1371 λόγους
1506 1317 1686 1370 ἐδέχετο,

123 1385 330 1430 ν,218και“
358 1382 538 1437 ἔφασκεν
566 1381 621 1430 ὥς
647 1383 823 1434 βασιλέα
852 1386 959 1436 πέρα
988 1383 1058 1423 ε’πί
1082 1382 1154 1436 τὴν
1182 1378 1352 1436 ἤπειρον
1379 1384 1564 1434 πέμπειν.
1596 1383 1690 1423 ἐπεὶ

259 1448 305 1488 δὲ
333 1448 543 1502 ἀνηνέχθη
595 1447 650 1495 ὥς
691 1450 868 1500 βασιλέα
907 1449 1004 1500 περὶ
1029 1441 1085 1488 ὧν
1115 1449 1335 1501 προΐσχετο
1363 1447 1388 1488 ὅ
1413 1449 1486 1499 τῆς
1515 1447 1685 1499 Λέσβου

258 1508 447 1565 ἡγεμών,
487 1511 728 1564 ἐπεραιοῦτό
758 1528 802 1552 τε
845 1511 867 1551 ὅ
899 1511 1095 1563 βασιλεύς
1133 1514 1203 1553 καί
1231 1511 1394 1565 ἐδέχετό
1421 1526 1466 1553 τε
1493 1510 1592 1560 τούς
1623 1508 1742 1552 λό.20

256 1591 366 1629 γους,
396 1580 557 1628 ἕτοιμος
584 1573 690 1617 εἶναι
719 1579 972 1618 σπένδεσθαι
1001 1578 1068 1632 ἐφ’
1092 1572 1152 1625 οἷς
1172 1581 1444 1631 προυκαλεῖτο
1471 1575 1494 1616 ὅ
1514 1577 1584 1629 τῆς
1611 1575 1685 1630 νή-

258 1656 335 1682 σου
364 1643 575 1695 τύραννος.
642 1641 696 1689 ὥς
728 1642 773 1682 δὲ
813 1640 861 1682 τὰ
894 1638 1014 1694 ὅρκια
1043 1643 1199 1694 ἐγένετο
1228 1642 1401 1696 α’μφοΐν,
1433 1637 1686 1694 ὑπεξεχώρει

353 1760 405 1793 14.
431 1763 493 1794 καὶ
517 1771 574 1794 om
599 1762 623 1794 P
717 1762 773 1794 21.
798 1762 1042 1807 προσκαλεῖτο
1067 1760 1090 1792 Ρ

261 1882 339 1903 eum
369 1870 624 1903 adhortabatur
645 1883 690 1904 ne
716 1872 753 1904 in
779 1873 894 1904 insula
927 1876 1130 1904 moraretur.
1189 1870 1429 1904 Machumetes
1453 1875 1595 1914 accepto
1621 1880 1684 1902 ex-

261 1918 369 1950 ercitu
396 1917 518 1949 urbem
555 1918 808 1962 oppugnabat,
845 1918 1062 1951 distribuens
1085 1916 1204 1960 copias
1229 1917 1407 1949 universas
1433 1916 1471 1949 in
1494 1920 1625 1949 turmas
1649 1920 1689 1949 et

262 1963 472 2007 manipulos.
521 1974 655 1996 murum
681 1964 883 1997 bombardis
910 1964 1081 1997 arietabat
1106 1962 1231 1996 diebus
1251 1963 1375 2005 viginti
1398 1966 1544 2006 septem,
1569 1962 1684 1994 urbis-

262 2020 332 2053 que
359 2014 492 2053 partein
515 2020 586 2041 non
611 2009 784 2042 modicam
804 2011 937 2043 stravit.
986 2009 1112 2042 habuit
1135 2009 1343 2042 bombardas
1368 2009 1512 2053 quaein
1533 2007 1684 2040 sublime

262 2055 406 2098 globum
433 2061 619 2099 torquent,
648 2067 734 2100 quas
764 2058 926 2089 mortaria
949 2057 1159 2095 nominant,
1184 2055 1311 2099 quibus
1337 2055 1456 2087 urbem
1483 2054 1682 2097 gravissime

261 2102 392 2134 afflixit.
442 2101 699 2145 oppidanorum
726 2104 849 2146 copiae
874 2103 911 2135 in
930 2108 1043 2134 artum
1074 2101 1300 2145 cogebantur.
1361 2099 1529 2144 oppidani
1550 2105 1682 2139 temen,

259 2158 337 2180 cum
363 2148 453 2179 forte
477 2148 581 2179 etiam
607 2147 749 2191 quidam
775 2148 819 2180 de
844 2149 1033 2192 piratarum
1069 2159 1214 2180 numero
1240 2152 1377 2190 praesto
1403 2151 1530 2185 essent,
1555 2145 1682 2189 egressi

258 2193 345 2226 urbe
370 2204 494 2225 manus
518 2204 596 2225 cum
614 2193 715 2226 hoste
740 2194 974 2226 conserebant
1033 2205 1086 2226 res
1101 2204 1181 2225 vero
1208 2203 1327 2225 eorum
1350 2202 1574 2236 nequaquam
1599 2202 1681 2235 pro-

257 2250 358 2283 spere
384 2239 605 2271 succedebat.
671 2250 750 2271 nam
776 2240 882 2272 Turci
909 2240 1061 2272 lacessiti
1097 2239 1139 2271 ab
1168 2238 1355 2283 oppidanis
1383 2237 1614 2270 accurrebant
1638 2237 1683 2269 ad

257 2296 405 2324 murum,
435 2290 471 2317 et
494 2296 617 2328 magna
644 2285 788 2318 audacia
816 2286 896 2318 freti
927 2297 1006 2318 eum
1033 2295 1200 2328 superare
1229 2284 1444 2317 nitebantur.
1494 2283 1682 2329 oppidanis

257 2333 294 2364 in
321 2331 521 2374 gravissimo
547 2331 702 2374 periculo
727 2332 961 2372 versantibus,
983 2330 1157 2375 siquidem
1184 2329 1295 2362 hostis
1322 2328 1554 2362 multitudiue
1580 2339 1685 2373 supe-

259 2378 329 2410 rior
355 2382 440 2416 erat,
464 2378 628 2421 prInceps
669 2378 805 2410 insulae
828 2377 962 2421 legatos
986 2377 1100 2415 misit,
1137 2377 1197 2420 qui
1222 2377 1427 2408 nuntiarent
1454 2376 1527 2418 regi
1553 2386 1591 2408 se
1617 2385 1679 2419 pa-

259 2429 371 2456 ratum
399 2434 473 2455 esse
498 2422 628 2456 dedere
655 2423 776 2456 urbem
800 2429 835 2456 et
854 2425 988 2467 reliqua
1013 2422 1106 2455 urbis
1133 2422 1316 2466 oppidula.
1364 2433 1400 2454 se
1421 2426 1536 2454 tamen
1560 2425 1683 2465 petere

259 2475 298 2502 ut
321 2469 388 2501 sibi
417 2480 437 2501 a
463 2479 544 2512 rege
581 2470 776 2512 assignetur
816 2470 910 2512 regio
947 2470 1038 2508 alia,
1071 2469 1236 2511 aequales
1262 2467 1344 2500 huic
1379 2466 1510 2500 reditus
1537 2466 1682 2498 habens.

257 2514 495 2560 pollicebatur
520 2526 662 2560 quoque
691 2526 727 2548 se
754 2520 895 2548 strenue
921 2516 1088 2559 imperata
1124 2515 1305 2554 facturum,
1329 2524 1540 2558 quocunque
1567 2517 1684 2545 tamen

259 2561 295 2592 in
320 2562 480 2594 militiam
507 2561 652 2594 eductus
685 2562 793 2594 fuerit
824 2562 916 2605 regio
943 2561 1051 2593 iussu.
1117 2559 1356 2592 Machumetes
1385 2569 1462 2591 cum
1485 2558 1683 2591 intellexis-

259 2612 313 2639 set
337 2608 504 2651 principis
529 2613 564 2640 et
590 2607 847 2652 oppidanorum
875 2607 1098 2646 sententiam,
1122 2605 1304 2649 respondit
1330 2616 1365 2638 se
1390 2605 1532 2638 nuntios
1556 2604 1684 2636 missu-

260 2664 334 2684 rum
358 2654 395 2686 in
422 2654 660 2686 continentem
683 2654 728 2686 ad
755 2664 879 2696 regem,
905 2654 966 2697 qui
994 2653 1098 2685 hasce
1122 2653 1291 2696 principis
1315 2650 1540 2684 condiciones
1565 2650 1596 2682 ei
1621 2660 1682 2681 ex-

259 2704 405 2742 ponant.
457 2699 517 2731 ubi
542 2699 627 2732 haee
669 2700 712 2732 ad
738 2711 850 2744 regem
874 2700 982 2732 relata
1005 2704 1108 2738 sunt,
1141 2698 1307 2731 videlicet
1335 2708 1424 2742 quae
1453 2694 1682 2742 promittebat
