1858 3210
508 191 583 231 DE
620 190 795 231 REBUS
834 187 1086 230 TURC1C15
1126 190 1174 229 L.
1201 190 1252 229 X.
1498 183 1592 230 565

127 306 215 347 ρεις
245 287 428 347 ἀνῄεσαν
456 286 498 338 ἐς
526 291 706 343 Λῆμνον
744 287 1039 344 ἐποτρύνοντος
1068 290 1144 330 τοῦ
1172 289 1412 342 Κομνηνοῦ,
1443 286 1601 343 ἀνδρὸς

129 357 333 411 εἰρίστου,
377 357 453 398 καί
489 355 622 397 αὐτοῦ
650 357 694 397 ἐν
730 355 778 411 τῇ
809 353 974 411 Λήμνῳ
1017 353 1091 408 τήν
1126 350 1354 409 ἀκρόπολιν
1391 371 1603 408 κατακρα-

127 437 300 470 τουντος
325 423 399 464 καί
426 420 503 476 τήν
531 422 664 462 πάλαι
685 422 885 475 πολίχνην
916 422 992 474 τῆς
1020 420 1200 475 Λήμνου
1228 418 1305 476 ὑφ’
1336 420 1452 476 αὐτῷ
1479 435 1600 475 ποιη-

128 489 331 541 σαμένου.
388 489 431 537 ἐς
461 487 610 542 λόγους
644 489 690 529 δὲ
724 486 911 534 ἐλθόντες
942 484 982 527 οῖ
1012 488 1083 541 τῆς
1118 486 1301 540 Λήμνου
1341 488 1600 541 προεστῶτες

93 551 240 602 5αῗστε
266 551 485 608 χρήμασιν
513 554 807 608 ἐξωνήσασθαι
835 551 880 594 τό
902 555 1074 607 χωρίον,
1101 550 1300 608 ἔφθησαν
1329 551 1369 594 οἱ
1404 554 1602 596 Ουένετοί

128 618 446 674 παραλαβόντες
474 619 548 674 τήν
595 618 846 674 οἶκρόπολιν,
876 618 949 659 καί
974 615 1041 660 τόν
1066 634 1112 672 γε
1151 614 1289 674 ἄνδρα
1317 621 1461 661 τοῦτον
1490 620 1597 674 α’γα-
1611 626 1646 660 Ρ.
1662 625 1732 659 302

127 684 208 728 θόν
233 685 454 739 γενόμενον
481 686 799 738 μετεπέμψαντο
843 686 885 732 ἐς
912 683 984 726 τὸν
1008 683 1197 737 Ἰσθμόν.
1256 682 1411 726 τούτου
1445 682 1496 739 δή
1527 681 1601 727 οὖν

127 748 434 804 ὗποτιθεμένου
473 752 736 793 α’νέπλευσαν
772 751 816 799 ἐς
858 750 934 805 τήν
975 752 1154 805 Λῆμνον
1198 749 1238 792 οἱ
1282 750 1497 804 Οὕενετοί,
1529 754 1602 793 καί

128 817 261 866 αὐτός
290 833 334 858 τε
363 815 446 859 dni)
470 818 545 872 τῆς
574 815 750 871 ἠπείρου
777 818 946 874 στρατῷ
972 816 1195 869 ἐπελάσας,
1231 816 1470 871 ἀπήλαυνεν
1498 816 1597 858 ἕκα-

74 901 116 936 10
129 899 226 932 στος
251 886 326 938 τῆς
356 882 530 933 πόλεως.
588 885 661 925 καί
699 882 755 932 ὥς
783 885 1071 936 α’νέπλευσαν,
1101 885 1342 936 παρέλαβον
1371 882 1494 925 πόλιν
1524 882 1600 939 τήν

129 951 381 1006 Κέρκηὸαν,
429 951 503 992 καί
545 947 643 999 τούς
676 965 720 991 τε
766 946 980 1002 ἄρχοντας
1026 947 1359 1002 Τζαμπλάκονας
1413 950 1598 1006 ἀφῆκαν,

129 1015 321 1072 φρουράν
350 1031 395 1058 τε
422 1015 781 1070 ἐγκαταλιπόντες,
813 1016 888 1056 καί
915 1016 1206 1058 ἐπισιτεῖσθαί
1230 1017 1356 1069 σφίσι
1386 1031 1429 1057 τε
1454 1017 1598 1066 αὐτοῖς

125 1079 201 1124 καί
227 1087 320 1131 ταῖς
365 1083 410 1124 ἐν
449 1083 500 1139 τῇ
532 1077 846 1138 Πελοποννήσῳ
890 1081 1046 1126 πόλεσι.
1114 1083 1186 1123 καὶ
1214 1075 1369 1139 ᾤχοντο
1401 1080 1597 1132 οἷπιόντες

126 1147 199 1191 ἐπὶ
229 1147 567 1203 Πελοπόννησον.
632 1149 770 1190 ταῦτα
810 1150 890 1202 μὲν
916 1150 994 1190 τοῦ
1028 1151 1236 1202 χειμῶνος
1273 1150 1424 1191 τούτου
1455 1150 1499 1198 ἐς
1523 1146 1597 1204 τὴν

128 1214 455 1271 Πελοπόννησον
484 1217 658 1269 ἐγένετο.

127 1400 303 1434 Comneni
329 1400 398 1434 viri
423 1400 563 1446 optimi,
590 1400 653 1446 qui
677 1399 817 1433 ibidem
848 1401 886 1434 in
914 1400 1050 1434 Lemno
1087 1411 1202 1434 arcem
1229 1400 1389 1434 tenebat.
1438 1401 1592 1434 venien-

125 1452 181 1481 tes
206 1453 326 1481 autem
351 1448 473 1481 Lemni
494 1449 666 1492 primores
684 1447 783 1481 urbis
800 1448 969 1481 collocuti
989 1453 1074 1481 sunt
1097 1449 1192 1481 inter
1217 1459 1266 1488 se,
1295 1453 1336 1481 ut
1363 1449 1481 1481 locum
1509 1459 1592 1480 eum

125 1495 278 1530 venetis
317 1494 526 1530 venderent.
588 1500 770 1528 caeterum
801 1495 933 1528 Veneti
972 1500 1236 1540 praevenerunt
1261 1506 1344 1534 eos,
1371 1500 1592 1540 occupantes

126 1553 242 1575 arcem
268 1547 305 1575 et
331 1542 449 1575 virum
474 1542 572 1575 hunc
598 1543 773 1587 optimum
800 1542 977 1575 miserunt
1005 1543 1043 1575 in
1068 1542 1258 1585 Isthmum3
1287 1553 1360 1587 quo
1376 1543 1592 1576 consulente

125 1589 344 1634 navigarunt
382 1588 502 1623 denuo
542 1590 581 1622 in
607 1590 788 1623 Lemnum.
846 1595 882 1623 et
907 1600 986 1622 cum
1011 1590 1089 1634 ipse
1114 1589 1158 1622 ab
1184 1589 1396 1623 continente
1423 1600 1503 1621 cum
1528 1601 1590 1622 co-

125 1637 195 1682 piis
229 1636 542 1682 proficisceretur,
570 1636 703 1679 singuli
730 1636 935 1670 deserentes
961 1636 1097 1682 oppida
1114 1661 1124 1678 ,
1150 1637 1189 1669 in
1217 1635 1350 1682 quibus
1373 1642 1589 1678 manserant,

124 1694 196 1717 una
223 1683 310 1717 inde
334 1683 519 1717 solverunt
547 1684 700 1717 navibus
727 1684 902 1728 impositi.
927 1689 1149 1729 occuparunt
1172 1689 1209 1716 et
1236 1683 1361 1716 urbem
1387 1683 1590 1726 Cercedam3

124 1735 162 1764 et
188 1730 333 1764 dimisso
358 1731 443 1764 inde
469 1731 691 1775 magistratu,
715 1743 821 1777 quem
838 1732 1089 1776 Zamplacones
1115 1731 1364 1771 nominabant,
1390 1741 1468 1764 eam
1486 1742 1590 1776 prae-

123 1777 217 1812 sidio
256 1779 427 1823 imposito
460 1779 672 1821 munivere3
711 1778 1029 1824 convehentesque
1064 1779 1284 1812 frumentum
1324 1784 1360 1812 et
1386 1779 1589 1812 necessaria

124 1830 201 1858 tum
224 1825 293 1859 sibi
317 1830 392 1859 tum
419 1826 735 1871 Peloponnesiacis
761 1825 918 1871 oppidis,
944 1825 1046 1859 ibant
1071 1831 1262 1871 pergentes
1289 1826 1329 1859 in
1355 1826 1588 1871 Peloponne-

124 1883 212 1906 sum.
263 1871 354 1906 haec
377 1873 525 1919 quidem
553 1884 595 1906 ea
620 1873 740 1907 hieme
764 1874 802 1906 in
826 1873 1189 1918 Peloponneso-sunt
1213 1877 1322 1918 gesta.
