1800 3172
293 188 383 237 148
606 196 821 238 LAONJCl
864 197 1368 238 enALCOCONDYLAE

249 301 328 336 Βτε
359 296 434 348 την
461 295 606 348 χώραν
645 300 731 343 τοῖς
760 293 953 350 ἡγεμόσι,
982 297 1054 336 καί
1093 295 1168 343 τάς
1199 311 1240 336 τε
1271 295 1478 348 δισχιλίας
1508 300 1718 351 καμήλους

284 358 504 413 βουτύρου,
537 362 609 400 καί
635 359 786 415 σκηνάς
814 358 860 413 δη
890 362 1123 413 δισχιλίας,
1152 357 1218 407 αἷς
1247 358 1447 402 εἰώθασιν
1480 360 1516 403 οἱ
1543 362 1718 414 νομάδες

285 424 362 465 α’νά
407 423 482 478 την
520 426 660 467 Ἀσίαν
702 426 912 479 χρῆσθαι,
951 425 1024 466 καί
1064 426 1108 466 ἐν
1145 431 1229 473 τοῖς
1270 430 1384 472 ναοῖς
1424 431 1508 474 τοῖς
1534 427 1613 467 ὑπὸ
1645 427 1720 480 την

286 491 540 543 Παιαζήτεω
569 487 706 543 ἀρχὴν
730 489 1062 543 μνημονεύεσθαι
1094 489 1222 530 αὐτὸν
1250 487 1305 538 ὥς
1325 492 1527 542 βασιλέα,
1555 493 1627 532 καί
1651 505 1720 532 νο-

283 556 463 605 μίσματι
494 556 540 594 δὲ
565 556 752 608 χρῆσθαι
783 554 839 609 τῷ
872 555 1074 605 ’βασιλέως
1109 553 1297 608 Τεμήρης
1328 557 1370 603 ἐς
1398 552 1620 606 σύμπασαν
1648 555 1752 610 τηνὸ

285 617 420 672 α’ρχὴν
448 619 598 673 αὐτοῦ,
635 617 864 659 καθελόντα
903 617 947 659 ‘cd
993 617 1146 660 ἑαυτοῦ
1182 621 1376 671 νόμισμα.
1443 619 1546 674 πρὸς
1574 623 1620 662 δὲ
1648 623 1721 661 καί

285 684 364 724 τῶν
397 684 558 724 παίδων
599 685 731 725 αὐτοῦ
764 682 834 724 ἕνα
863 684 1036 739 ᾐτοῦντο
1076 686 1380 737 παραγίνεσθαι
1410 685 1453 733 ἐς
1479 683 1553 733 τάς
1583 684 1718 738 Tem}-

284 763 366 799 ρεω
407 745 561 800 θύρας.
635 750 708 789 καί
746 745 796 801 ἦν
836 751 966 789 ταῦτα
995 749 1113 804 ποιῇ,
1149 749 1268 802 φίλον
1298 765 1342 790 τε
1383 752 1456 790 καί
1490 749 1718 799 ἐπιτήδειον

283 811 457 854 ἔσεσθαι
491 810 687 866 Τεμήρεω
713 815 940 865 βασιλέως·
1000 809 1051 866 ἢν
1079 815 1125 854 δὲ
1150 812 1207 866 μη
1238 813 1400 870 ποιήσῃ,
1427 816 1612 867 χρῆσθαι
1641 815 1717 854 αὕ-

283 878 340 933 τῷ
378 873 434 924 οἷς
478 880 657 933 πολεμίῳ
698 879 876 928 βασιλέα
911 875 1091 932 Τεμὴρη.
1160 874 1187 934 ᾗ
1220 880 1265 920 δὲ
1292 878 1343 933 δή
1383 881 1545 932 λέγεται
1570 882 1774 930 θυμω-10

243 944 412 983 (Σθέντα
441 940 510 981 τὸν
540 941 786 996 Παιαζὴτην
827 945 956 983 ἐκεῖνο
997 941 1045 996 δη
1077 941 1120 984 τὸ
1153 941 1248 990 ἔπος
1279 943 1433 997 εἰπεῖν,
1463 941 1488 983 ὃ
1514 943 1585 984 καί
1612 941 1718 996 πρό..

282 1005 400 1059 τερόν
413 1021 482 1058 μοι
516 1003 763 1061 δεδήλωται,
792 1006 848 1055 ὥς
875 1003 924 1060 ἢν
952 1006 1007 1061 μὴ
1041 1005 1297 1061 ἑπικαταβιῖς
1331 1009 1524 1062 α’φίκοιτο
1551 1006 1612 1049 ἐπ’
1639 1010 1717 1048 av‘-

281 1070 374 1123 τόν,
414 1070 487 1124 τὴν
525 1076 699 1123 γυναῖκα
739 1073 870 1113 αὐτοῦ
909 1074 951 1120 ἐς
990 1073 1078 1125 τρίς
1121 1073 1474 1125 ἀποπεμψάμενον
1497 1073 1718 1125 ἀπολαβεῖν

283 1130 434 1182 αὖθις·
508 1133 531 1175 ὃ
558 1136 615 1189 ’δη
657 1136 860 1190 αἰσχύνην
888 1137 1007 1191 φέρει
1035 1137 1235 1191 μεγάλην,
1266 1139 1463 1192 εἰρῆσθαι
1492 1137 1646 1195 ὁτῳοῦν
1671 1136 1715 1179 τὸ

282 1197 378 1247 ἔπος
413 1200 548 1241 τοῦτο.
626 1203 879 1254 προθέμενος
917 1205 994 1252 μὲν
1033 1197 1106 1242 οὖν
1146 1200 1197 1242 τά
1243 1202 1356 1254 παρα
1385 1204 1455 1256 τῆς
1498 1204 1718 1255 πρεσβείας
1733 1212 1774 1244 15

170 1273 211 1305 V.
226 1273 270 1306 62
285 1265 418 1305 αὐτοῦ
456 1263 501 1304 τὸ
547 1263 806 1318 Παιαζήτεω
847 1263 943 1313 ἔπος
987 1266 1006 1306 ὁ
1041 1267 1226 1320 Τεμὴρης
1271 1267 1406 1307 ου’κέτι
1443 1268 1485 1316 ἐς
1514 1266 1720 1321 ἀναβολὴν

282 1327 460 1370 ἐποιεῖτο
490 1329 564 1382 την
595 1327 761 1384 ἔλασιν,
799 1333 872 1371 καί
912 1333 1060 1372 αὐτίκα
1094 1328 1516 1383 παρασκευασάμενος
1541 1331 1719 1384 στρατὸν

282 1392 352 1434 τόν
380 1409 424 1434 τε
454 1397 553 1447 παρ’
593 1391 730 1450 ἑαυτῷ
758 1397 932 1436 Σκυθῶν
972 1397 1054 1436 τῶν
1086 1397 1278 1448 νομάδων
1320 1397 1392 1437 καί
1423 1397 1720 1450 Τζαχαϊτίδων,

283 1460 326 1507 ἐς
360 1459 609 1513 ὀγδοήκοντα
637 1459 693 1508 ὥς
721 1461 883 1512 λέγεται
908 1460 1120 1513 μυριάδας
1138 1493 1150 1512 ,
1178 1455 1355 1514 ἤλαυνεν
1383 1461 1453 1502 ὲπί
1479 1459 1718 1518 Παιαζήτῃ,

284 1522 354 1565 διὰ
384 1525 573 1577 Φρυγίας
600 1539 641 1566 τε
669 1525 740 1565 καί
767 1525 933 1572 Λυδίας
963 1522 1036 1578 τήν
1063 1527 1233 1578 πορείαν
1261 1523 1515 1576 ποιούμενος.
1571 1528 1774 1567 flata-20

286 1587 410 1642 ζήτης
441 1591 486 1630 δὲ
514 1589 571 1637 ὥς
600 1589 830 1643 ἐξορκώσας
854 1587 1032 1642 Τεμήρη,
1066 1586 1115 1642 ἢν
1142 1589 1198 1643 μὴ
1227 1588 1282 1637 αἷς
1311 1587 1491 1643 ἠδύνατο
1517 1587 1718 1644 κράτιστα

243 1656 670 1708 ὓπαρεσκευασμὲνος
699 1656 806 1711 ἐπίῃ,
835 1657 1079 1707 συναγείρας
1102 1653 1364 1709 στρατὸννώς
1393 1653 1572 1709 η’δύνατο
1599 1656 1718 1708 μέγι-

379 1769 410 1802 5.
441 1767 639 1815 Τεμὴρεωῖ
759 1769 815 1802 22.
843 1768 944 1815 ἐπῄει
970 1770 991 1801 Ρ

288 1877 385 1910 mllia
411 1876 636 1910 camelorum.
684 1874 738 1907 his
765 1874 912 1907 adderet
946 1874 1016 1906 duo
1053 1875 1148 1906 mitia
1184 1875 1431 1915 tentoriorum,
1460 1873 1655 1907 cuiusmodi
1680 1875 1717 1907 in

289 1935 353 1956 usu
379 1922 513 1954 habent
539 1928 695 1966 pastores
722 1933 786 1965 per
807 1923 932 1953 Asiam.
983 1919 1228 1964 postulabatur
1256 1931 1400 1964 quoque
1426 1926 1464 1953 ut
1487 1931 1550 1964 per
1577 1921 1717 1953 univer-

289 1981 363 2002 sum
389 1969 551 2001 Paiazitis
593 1979 737 2010 regumn
769 1968 928 2000 'remites
964 1968 1255 2011 pronuntiaretur
1285 1978 1355 1998 rex.
1405 1966 1548 1999 volebat
1574 1976 1718 2011 quoque

290 2021 330 2048 ut
355 2015 523 2048 Paiazites
558 2015 595 2046 in
628 2025 723 2046 suam
768 2015 944 2055 regionem
974 2013 1123 2045 Temiris
1161 2013 1331 2044 numisma
1360 2013 1530 2056 reciperet
1556 2018 1592 2045 et
1617 2023 1717 2045 suum

290 2062 426 2094 irritum
462 2061 605 2093 faceret.
667 2064 842 2103 postremo
869 2059 1106 2103 imperabatur
1143 2064 1181 2091 ut
1207 2070 1295 2090 unus
1325 2057 1369 2090 de
1393 2069 1539 2091 numero
1565 2059 1718 2090 filiorum

290 2108 450 2141 Paiazitis
483 2106 651 2138 militaret
683 2107 718 2137 in
742 2106 857 2137 ianuis
886 2106 1050 2137 Temiris.
1117 2104 1242 2148 quodsi
1275 2104 1439 2136 Paiazites
1463 2104 1550 2136 haec
1579 2104 1720 2142 faceret,

292 2155 367 2186 fore
394 2164 472 2186 eum
499 2154 644 2184 amicum
681 2157 716 2183 et
738 2152 971 2183 necessarium
1008 2151 1098 2193 regis
1121 2151 1289 2182 Temiris:
1323 2150 1377 2182 sin
1401 2155 1516 2182 autem
1542 2149 1605 2182 has
1628 2150 1720 2194 peti-

292 2201 408 2232 tiones
434 2204 672 2237 aversaretur,
699 2197 804 2229 sciret
828 2197 1002 2229 Temirem
1037 2197 1150 2241 ipsum
1183 2208 1246 2240 pro
1274 2195 1376 2228 hoste
1402 2195 1615 2228 habiturum.
1666 2195 1720 2227 his

293 2245 424 2278 auditis
450 2245 567 2277 ferunt
592 2243 773 2276 Paiazitem
802 2243 851 2274 ira
877 2248 1086 2275 commotum
1113 2241 1203 2274 illud
1219 2253 1422 2286 responsum
1448 2241 1599 2282 dedisse,
1623 2241 1721 2287 quod

294 2303 397 2336 supra
425 2291 691 2330 declaravimus,
717 2289 886 2321 videlicet
905 2290 956 2321 “si
984 2300 1055 2321 non
1073 2289 1191 2320 veniat
1214 2287 1508 2332 quemadmodum
1525 2289 1722 2330 minitatur,

295 2349 420 2382 precor
445 2348 586 2369 uxorem
623 2332 718 2368 suam
750 2341 803 2367 ter
827 2335 1044 2378 repudiatam
1074 2335 1264 2377 recipi-‘11:3¹’
1299 2333 1395 2380 quod
1419 2334 1562 2378 quidem
1588 2333 1719 2367 dictum

297 2395 456 2426 magnam
482 2383 663 2416 infamiam
690 2383 856 2425 importat
881 2382 911 2412 ei
937 2382 973 2412 in
998 2392 1102 2425 quem
1134 2381 1273 2415 dicitur.
1322 2391 1399 2412 cum
1425 2381 1530 2424 igitur
1553 2391 1630 2414 cum
1658 2381 1721 2413 tali

298 2441 466 2474 responso
492 2430 626 2472 legatos
650 2428 850 2466 dimisisset,
873 2427 1029 2459 Temires
1055 2427 1316 2470 expeditionem
1343 2437 1450 2466 suam,
1476 2438 1577 2472 quam
1603 2426 1720 2459 animo

297 2475 469 2515 versabat,
497 2487 568 2508 non
600 2475 748 2518 amplius
786 2473 904 2505 differt
941 2479 1062 2505 contra
1089 2473 1281 2505 Paiazitem.
1340 2473 1402 2504 sed
1427 2472 1612 2505 confestim
1636 2484 1723 2505 con-

298 2523 418 2554 tractis
443 2522 552 2566 copiis
579 2533 681 2566 quam
710 2521 828 2564 potuit
852 2519 1024 2562 plurimis,
1052 2518 1257 2561 Scytharum
1287 2523 1323 2551 et
1346 2518 1636 2558 Tzachaidarum,
1662 2519 1723 2562 qui

299 2573 439 2611 praesto
468 2573 587 2606 erant,
613 2567 754 2599 delectu
780 2565 928 2604 habito,
957 2565 1164 2609 conscripsit
1194 2565 1396 2604 exercitum,
1420 2565 1481 2609 qui
1509 2565 1723 2608 complecte-

299 2615 405 2647 batur
439 2614 618 2656 octoginta
653 2611 827 2655 myriades
860 2610 1059 2652 hominum3
1097 2615 1133 2643 et
1159 2611 1339 2654 profectus
1365 2615 1418 2642 est
1444 2615 1564 2643 contra
1589 2610 1723 2643 Paiazi-

301 2666 391 2699 tem,
427 2670 490 2703 per
527 2659 708 2702 Phrygiam
745 2658 962 2701 Lydiamque
997 2657 1065 2688 iter
1088 2657 1231 2688 faciens.
1280 2657 1446 2689 Paiazites
1477 2661 1515 2688 ut
1538 2655 1632 2688 hosti
1658 2655 1722 2687 ob-

302 2706 391 2740 viam
417 2704 623 2750 procederet
643 2706 845 2745 instructus,
872 2702 1086 2747 comparavit
1103 2707 1138 2734 et
1162 2703 1236 2746 ipse
1263 2713 1365 2746 quam
1386 2702 1505 2746 potuit
1532 2702 1723 2735 exercitum
