1858 3210
543 194 617 231 DE
655 193 826 232 REBUS
866 190 1121 232 TURClClS
1161 193 1207 231 L.
1238 193 1329 231 Vll.
1557 185 1653 230 373

187 291 348 340 πόλεως
377 285 569 344 ἄρχοντι,
597 291 671 332 καί
699 289 843 343 λαβών
872 288 972 338 τούς
1001 291 1263 343 θεράποντας
1292 285 1382 343 ἄγει
1414 287 1485 330 ἐπί
1513 288 1558 331 τό
1591 288 1657 331 οἴ-

188 375 314 414 κημα,
340 356 385 399 ἐν
410 351 444 415 ᾧ
472 352 522 410 ἦν
551 355 810 410 ὄΧωνιοέτης
838 357 882 397 ἐν
911 362 997 405 τοῖς
1026 359 1110 398 τῶν
1139 355 1313 410 οἶχόρων
1343 354 1555 410 οἰκήμασι.
1587 358 1660 396 καί

189 423 386 477 λαβόντες
426 422 644 478 ἀπήγαγον
691 422 809 477 παρὰ
851 422 919 464 τὸν
961 423 1036 476 τῆς
1077 422 1237 471 πόλεως
1277 419 1480 476 ἄρχοντα.
1554 421 1577 462 ὅ
1609 423 1696 464 dec

189 488 349 543 ἔπεμπε
377 491 548 541 δέσμιον
574 487 780 542 α’γόμενον
807 487 924 542 παρὰ
954 486 1023 530 τὸν
1053 488 1257 542 ἡγεμόνα,
1285 487 1358 530 καί
1387 484 1574 543 ἤγγειλεν
1601 487 1659 536 ὥς

155 553 303 600 δὲάλω
331 558 377 601 ἐν
418 554 562 613 χόρτῳ
601 557 897 610 κεκρυμμένος.
963 553 985 596 ὅ
1026 556 1106 606 μὲν
1130 550 1206 596 οὖν
1234 553 1424 609 ἡγεμών,
1455 555 1514 605 ὥς
1542 550 1660 610 ἤχθη

190 626 292 676 παρ’
323 619 479 664 ἑαυτὸν
525 621 546 662 ὁ
571 619 790 676 Ἰωάννης,
822 623 884 670 εἰς
915 620 1111 677 φυλακην
1151 620 1434 677 ποιησάμενος
1470 622 1660 674 ἀντεῖχεν

173 690 266 732 ·ε’πι’
292 704 388 731 τινα
419 686 573 742 χρόνον
614 687 659 729 ὲν
701 691 749 744 τῇ
778 688 1022 742 α’κροπόλει.
1102 686 1125 728 ὅ
1157 689 1204 729 δὲ
1230 689 1370 729 πείθει
1397 688 1470 729 τόν
1501 703 1547 729 τε
1580 683 1660 741 ἄρ-

192 771 324 808 χοντα
354 755 428 808 τῆς
449 753 716 808 α’κροπὸλεως
745 754 819 796 καί
844 752 923 809 τὴν
949 752 1147 810 φρουρὰν
1173 752 1404 796 ἐπιθέσθαι
1425 752 1517 807 ἅμα
1548 754 1662 809 αύτῷ

191 822 250 878 τῷ
280 821 449 876 ἡγεμόνι
478 822 552 862 καί
579 824 836 873 καταλαβεῖν
866 819 942 874 τήν
972 821 1107 864 πόλιν.
1165 819 1444 874 ἑξενεγκόντος
1476 822 1522 862 δέ
1551 834 1664 868 τινος

136 899 180 934 10
193 890 275 931 τῶν
302 885 559 929 συνειδότων
586 887 662 942 τὴν
698 888 946 941 ἐπιβουλήν,
979 889 1207 942 καταφανῆ
1235 887 1398 940 ἐγένετο
1427 885 1479 927 τὰ
1511 887 1594 928 τῶν
1620 887 1665 927 ἐν

191 955 245 1010 τῇ
275 954 461 1010 φρουρᾷ,
490 956 564 996 καί
590 951 628 994 οἱ
657 956 735 1005 μὲν
764 952 995 1007 α’πιόλοντο,
1026 950 1222 1007 Ἰωάννης
1253 955 1299 995 δὲ
1319 955 1551 1006 ἐπιγαμίαν
1581 953 1666 994 αὕ-

191 1022 250 1078 τῷ
278 1019 570 1074 ποιησάμενος,
599 1022 674 1061 καί
700 1019 991 1073 ἁρμοσάμενος
1023 1019 1098 1061 τὸν
1134 1021 1268 1061 παῖδα
1296 1020 1442 1074 αὐτοῦ,
1473 1019 1708 1072 οἷπέπεμ-ι)

191 1097 273 1139 ψεν
303 1087 375 1128 ε’πί
403 1085 480 1140 τὴν
511 1087 650 1142 ἀρχὴν
678 1088 815 1128 αὐτοῦ
844 1090 887 1134 ἐς
916 1084 1101 1141 Βούδην.

306 1154 402 1195 Καὶ
428 1152 527 1207 περὶ
554 1156 632 1206 μὲν
659 1153 736 1208 τὴν
767 1157 851 1195 τῶν
879 1155 1090 1195 Παιόνων
1128 1153 1399 1208 ἐκστρατείαν
1428 1152 1664 1209 ἡγουμένου

139 1232 181 1266 15
196 1221 270 1262 τοῦ
298 1220 526 1262 Χωνιοὶτου
570 1222 761 1262 τοσαῦτα
809 1221 970 1273 ἐγένετο
1000 1219 1074 1262 καί
1109 1221 1154 1262 ἐν
1180 1222 1288 1262 τέλει
1326 1222 1462 1278 τούτῳ
1491 1220 1663 1275 ἔσχετο·

191 1286 455 1342 Ἀμουράτης
501 1288 548 1327 δὲ
587 1283 643 1335 ὥς
673 1286 867 1339 ἐπανήκει
901 1288 943 1334 ἐς
972 1285 1022 1328 τὰ
1051 1287 1270 1339 βασίλεια,
1300 1286 1351 1326 οὗ
1383 1290 1522 1344 πολλῷ
1549 1285 1666 1330 ὅστε-

195 1368 270 1407 ρον
302 1349 472 1407 ὥρμητο
497 1355 576 1405 μὲν
613 1354 686 1394 ε’πί
715 1353 952 1402 Βυζάντιον
982 1352 1312 1407 στρατεύεσθαι,
1341 1354 1668 1408 τελευτήσαντος

195 1419 243 1461 δὲ
275 1421 351 1460 τοῦ
374 1417 581 1474 Ἑλλήνων
624 1421 835 1471 βασιλέως
875 1419 1100 1471 Ἰωάννου,
1142 1422 1216 1461 καί
1246 1420 1318 1461 ἐπὶ
1352 1423 1667 1463 Κωνσταντΐνον

193 1484 266 1527 τὸν
297 1485 485 1541 ἀδελφὸν
529 1486 664 1527 αὐτοῦ
694 1485 751 1534 ὦς
793 1485 1009 1540 ἐχώρησεν
1049 1486 1074 1539 ἦ
1106 1485 1320 1538 βασιλεία.
1393 1488 1490 1528 ἐπεί
1514 1503 1558 1528 τε
1586 1487 1665 1543 γὰρ

136 1549 495 1607 ἓθέτελεύτησεν,
538 1548 710 1606 ὥρμητο
747 1553 826 1603 μὲν
874 1549 894 1593 ὃ
935 1551 1121 1607 ἁδελφὸς
1162 1552 1298 1594 αὐτοῦ
1326 1550 1569 1608 Δημήτριος
1598 1556 1670 1595 ἐπί

195 1616 270 1673 τὴν
299 1621 536 1675 βασιλείαν,
566 1619 808 1672 διεκωλύθη
853 1619 899 1660 δὲ
942 1618 1024 1660 ὑπὸ
1058 1620 1140 1660 τῶν
1182 1621 1226 1661 ἐν
1255 1621 1307 1675 τῇ
1338 1618 1459 1661 πόλει
1488 1620 1560 1662 καί
1592 1623 1667 1674 τῆς

288 1723 323 1759 6.
351 1725 544 1771 κατεῖχενῗ

196 1829 251 1857 ter
282 1822 421 1856 fratres.
472 1823 558 1856 hinc
583 1834 673 1856 unus
700 1822 744 1856 de
782 1835 931 1856 numero
958 1823 1110 1856 fratrum
1134 1829 1335 1856 commotus
1370 1823 1545 1857 indicavit
1569 1825 1664 1858 urbis

194 1871 420 1915 magistratui
450 1870 601 1903 ubinam
629 1876 722 1903 esset
746 1870 956 1904 Choniates.
1015 1871 1209 1915 assumptis
1234 1871 1356 1916 itaque
1383 1872 1557 1904 ministris
1585 1884 1664 1916 per-

194 1918 329 1963 gebant
353 1917 399 1950 ad
428 1917 593 1959 domum,
620 1918 657 1951 iu
686 1929 757 1963 qua
786 1924 862 1951 erat
890 1917 1084 1951 Choniates
1119 1918 1268 1950 latitans
1294 1919 1332 1950 in
1357 1919 1541 1963 palearum
1569 1930 1666 1951 rece-

194 1965 372 2011 ptaculis,
412 1975 567 2010 eumque
593 1970 735 2010 captum
769 1965 996 1998 abduxerunt
1042 1964 1086 1996 ad
1114 1965 1211 1997 urbis
1238 1966 1498 2008 magistratum.
1548 1967 1666 2010 magi-

194 2017 326 2046 stratus
349 2016 467 2045 autem
494 2023 576 2044 eum
607 2013 766 2045 vinctum
790 2012 920 2045 deduci
947 2012 1085 2044 curavit
1118 2011 1163 2044 ad
1190 2012 1408 2057 praesidem,
1434 2013 1665 2057 significavit-

195 2071 267 2107 que
293 2070 373 2092 eum
400 2071 475 2092 esse
501 2058 765 2103 deprehensum
794 2059 998 2092 latitantem
1024 2060 1061 2092 in
1090 2059 1211 2092 foeno.
1260 2071 1416 2104 praeses,
1436 2072 1515 2093 cum
1546 2060 1665 2093 addu-

195 2111 273 2140 ctus
301 2110 398 2139 esset
425 2106 634 2147 Choniates‚
665 2118 746 2139 eum
772 2107 809 2139 in
837 2117 1013 2139 carcerem
1039 2107 1243 2139 coniectum
1269 2106 1316 2139 ad
1344 2112 1486 2152 tempus
1514 2107 1663 2153 aliquod

194 2154 233 2187 in
256 2164 336 2186 arce
361 2153 531 2187 detinuit.
580 2160 618 2186 at
649 2153 844 2187 Choniates
873 2153 1054 2198 persuasit
1081 2154 1236 2198 principi
1263 2155 1352 2187 arcis
1380 2160 1416 2187 et
1441 2154 1665 2194 custodibus,

196 2205 236 2234 ut
265 2201 374 2234 simul
397 2212 478 2234 cum
504 2202 582 2246 ipso
609 2202 796 2244 insurgant
837 2201 1019 2234 hostiliter
1050 2206 1175 2234 contra
1214 2202 1415 2245 praesidem
1463 2208 1499 2234 et
1539 2202 1666 2235 urbem

195 2245 384 2293 occupent.
436 2259 516 2281 cum
570 2247 688 2280 uidam
724 2249 772 2281 rei
802 2259 894 2294 quae
929 2247 1123 2293 parabatur
1161 2250 1323 2281 conscius
1350 2248 1497 2281 insidias
1523 2250 1668 2294 patefe-'

194 2296 312 2336 cisset,
339 2295 447 2328 etiam
475 2260 565 2342 quill
595 2295 762 2329 custodes
788 2297 862 2328 sive
886 2295 1109 2341 praesidiarii
1135 2296 1268 2328 milites
1297 2297 1513 2329 molirentur
1541 2296 1666 2340 cogui-

195 2349 272 2376 tum
299 2347 364 2376 est.
414 2354 538 2376 verum
563 2342 601 2375 hi
636 2343 742 2376 occisi
783 2349 866 2376 sunt
901 2353 1035 2375 omues.
1100 2344 1253 2375 Ioannes
1296 2349 1416 2376 autem
1455 2342 1666 2376 affinitatem

196 2390 348 2434 iungens
373 2401 453 2424 cum
479 2390 556 2430 illo,
586 2390 697 2422 filiam
735 2401 835 2423 suam
862 2390 936 2422 filio
965 2391 1040 2422 eius
1080 2390 1117 2422 in
1142 2391 1410 2424 matrimonium
1437 2390 1666 2432 collocando,

197 2437 364 2470 remissus
390 2443 444 2470 est
470 2437 602 2470 nudam
629 2438 667 2470 in
696 2449 842 2481 regnum
868 2450 983 2470 suum.

338 2485 383 2518 Et
409 2484 554 2530 quidem
584 2484 672 2517 haec
698 2486 881 2529 contigere
905 2486 942 2517 in
968 2485 1202 2529 expeditione
1228 2495 1334 2530 quam
1354 2485 1543 2518 Pannones
1568 2496 1665 2517 sum-

197 2537 348 2576 pserunt
375 2530 543 2565 adversus
578 2532 727 2572 Tureos,
765 2532 856 2566 duce
883 2532 1080 2575 Choniate3
1118 2542 1232 2576 eaque
1261 2530 1445 2576 expeditio
1473 2543 1581 2577 quem
1609 2531 1665 2564 di-

197 2579 315 2611 ximus
352 2578 460 2612 finem
493 2584 686 2612 consecuta
722 2584 786 2612 est.
851 2582 1036 2612 Amurates
1075 2590 1233 2612 reversus
1274 2579 1311 2611 in
1336 2580 1435 2622 regni
1461 2579 1517 2611 sui
1543 2578 1664 2612 sedem

197 2637 272 2659 non
299 2625 415 2658 multo
446 2631 529 2669 post
554 2624 692 2659 bellum
719 2627 889 2669 Byzantio
929 2626 1122 2660 inferebat.
1174 2626 1393 2658 Graecorum
1423 2636 1505 2670 rege
1531 2627 1664 2659 Ioanne

198 2671 383 2713 defuncto,
409 2672 448 2705 in
477 2673 769 2714 Constantinum,
794 2673 956 2707 defuncti
986 2674 1145 2713 fratrem,
1173 2673 1273 2715 regni
1302 2673 1479 2706 successio
1506 2673 1662 2707 devenit.

196 2730 280 2752 nam
303 2720 439 2753 Ioanne
464 2725 605 2752 mortuo
634 2721 745 2754 frater
780 2722 855 2754 eius
888 2721 1088 2754 Demetrius
1114 2721 1151 2752 in
1181 2720 1279 2762 regni
1318 2721 1579 2754 successionem
1612 2721 1665 2754 fe-

198 2766 367 2801 stinabat.
417 2778 538 2802 verum
560 2766 764 2812 prohibitus
799 2774 853 2802 est
889 2768 933 2800 ab
971 2767 1174 2813 oppidanis,
1200 2772 1340 2809 matre,
1373 2767 1529 2808 arbitris,
1557 2774 1592 2802 et
1620 2768 1663 2801 ab
