1884 3178
465 199 538 238 DE
584 197 754 238 minus
792 194 1045 237 TURclcis
1086 197 1134 236 L.
1163 197 1236 235 111.
1495 184 1587 235 145

122 299 317 342 ἐντεῦθεν
356 292 824 352 διαπρεσβευσάμενος,
852 293 1038 344 σπονδάς
1077 310 1123 336 τε
1162 291 1408 350 ἐποιήσατο,
1449 295 1494 336 ἐν
1534 295 1590 351 νιξὶ
1602 306 1632 339 D

123 363 235 419 ἔχων
263 365 335 406 ἐπί
367 361 599 419 Παιαζήτῃ
638 363 706 403 τὸν
742 359 1018 415 Ἀμουράτεω
1065 359 1389 416 στρατεύεσθαι.
1447 361 1593 414 ἐποιή-

122 445 227 473 σατο
255 425 332 472 οὖν
359 427 544 477 σπονδὰς
573 427 641 483 ἐφ’
672 421 705 484 ᾧ
736 426 914 481 ἀπάγειν
940 426 1069 482 φόρον
1099 425 1246 468 ἱκανὸν
1273 424 1379 482 ὑπὲρ
1411 443 1483 483 της
1511 427 1593 469 τῶν

125 497 394 550 Μασαγετῶν
426 493 586 549 χώρας,
615 491 668 548 ἢν
697 490 1096 545 καταστρεψάμενος
1125 489 1252 546 εἶχεν.

87 580 110 614 5
224 559 298 611 ςΩς
337 563 384 603 δὲ
422 560 528 614 πρὸς
570 562 717 602 τοῦτον
747 557 932 607 σπονδάς
963 575 1007 600 τε
1047 556 1271 614 ἐποιήσατο
1313 558 1387 601 καί
1414 557 1592 614 εἰρήνην,

123 630 357 683 ξυνηνέχθη
394 627 508 683 αὐτῷ
548 624 600 667 τὰ
643 623 687 675 ἐς
723 625 824 674 τούς
855 623 935 665 ἀπὸ
967 627 1040 679 τῆς
1071 626 1186 666 κοίτω
1210 625 1358 674 Ἀσιάς
1394 623 1594 680 Τούρκων

122 692 333 748 ἡγεμόνας
362 691 556 749 ἀφῖχθαί
582 707 625 733 τε
657 692 757 746 παρ’
785 687 950 746 ἑκατόν,
979 693 1052 732 καί
1079 690 1128 732 τά
1159 694 1260 747 περὶ
1287 691 1363 746 τήν
1397 691 1593 746 Μελιτή-

122 777 198 816 νην
224 756 576 813 ἐπολιορκήσαντο
614 757 773 812 ταύτην
810 759 866 814 τῷ
896 757 1137 814 Παιαζήτῃ.
1205 756 1595 812 παρασκευασάμε-

123 841 191 876 νος
218 827 264 868 δὲ
292 824 475 879 στρατὸν
516 826 713 878 μέγιστον
744 819 927 878 ἤλαυνεν
955 825 1027 865 ἐπὶ
1053 824 1338 880 Σεβάστειαν,
1368 823 1490 866 πόλιν
1518 827 1595 878 τῆς

68 907 111 940 ιο
130 891 437 939 Καππαδοκίας
474 892 722 943 εὐδαίμονα.
795 892 916 931 δοκεῖ’
956 893 1003 932 δὲ
1044 887 1154 946 αὕτη
1187 891 1211 945 ἦ
1251 889 1368 940 πόλις
1394 894 1592 944 βασίλεια

121 960 317 1013 γενέσθαι
357 960 431 999 τοῦ
468 957 672 1011 πρότερον
712 958 924 1010 βασιλέως
970 956 1192 1010 Τούρκων,
1221 957 1298 999 καί
1321 957 1403 999 dud
1437 956 1593 1013 ταύτης

122 1025 394 1078 ὁρμωμένους
436 1022 533 1071 τούς
579 1023 793 1075 Τούρκους
821 1023 865 1064 τὸ
911 1023 1094 1064 παλαιὸν
1121 1023 1269 1078 χώραν
1299 1024 1694 1078 ὖπαγο,ιιε’νουςρ,77

122 1092 194 1145 τῆς
225 1105 270 1132 τε
295 1090 440 1138 Ἀσιάς
484 1088 561 1130 οὐκ
601 1085 771 1144 ὀλίγην,
810 1091 854 1138 ἐς
885 1087 960 1130 τὸν
1000 1089 1299 1144 Ἑλλήσποντόν
1326 1107 1367 1132 τε
1412 1092 1485 1132 καί
1518 1092 1592 1147 τὴν

123 1154 298 1210 α’ντικρύ
316 1157 554 1206 Βυζαντίου
583 1154 730 1209 χώραν
760 1154 835 1210 τὴν
856 1158 898 1205 ἐς
920 1155 995 1209 τὴν
1020 1156 1169 1198 Ἀσιάν
1196 1155 1449 1211 ἐπιδραμεῖν
1477 1159 1597 1213 χειρὶ

40 1233 109 1266 ,15
123 1225 255 1279 πολλῇ
283 1224 578 1278 ἀφικομένους.
644 1219 838 1276 Τεμὴρης
863 1224 943 1274 μὲν
977 1216 1054 1264 οὖν
1086 1221 1143 1271 ὥς
1171 1219 1365 1278 ἀφίκετο,
1397 1222 1595 1278 ἐπολιόρ-

122 1304 182 1331 κει
211 1289 284 1342 τήν
313 1285 462 1329 πόλιν·
538 1286 792 1343 Παιαζὴτης
819 1289 866 1329 δὲ
895 1288 1007 1342 ἀπῆν
1032 1289 1137 1340 τότε,
1169 1287 1242 1330 ἐπὶ
1269 1292 1492 1344 Λεβαὸίαν
1521 1292 1596 1346 τῆς

122 1355 330 1403 Βοιωτίας
353 1353 425 1396 καί
445 1355 515 1396 ἐπὶ
535 1352 862 1408 Πελοπόννησον
884 1356 954 1395 καί
976 1354 1214 1397 Θετταλίαν
1245 1355 1591 1410 στρατευόμενος.

122 1423 314 1462 κατέλιπε
340 1421 389 1462 δὲ
426 1421 472 1462 ἐν
499 1422 553 1476 τῇ
581 1421 814 1476 Σεβαστείᾳ
846 1418 1022 1473 στρατόν
1063 1436 1109 1461 τε
1138 1419 1209 1462 τὸν
1238 1423 1314 1474 τῆς
1340 1422 1489 1471 Ἀσιάς
1519 1425 1593 1464 καί

125 1487 259 1528 παῖδα
293 1483 624 1541 Ὀρθογρούλην,
664 1485 736 1526 καί
764 1484 923 1540 ταύτην
965 1487 1330 1541 καταστησάμενος
1358 1488 1486 1537 αι”τὸς
1515 1490 1595 1542 μὲν

67 1563 113 1596 20
126 1550 198 1594 ἐπὶ
224 1550 550 1607 Πελοπόννησον
581 1550 875 1605 ἐστρατεύετο.
934 1550 1041 1593 ἔνθα
1076 1551 1126 1606 δὴ
1157 1551 1396 1605 πυθόμενος
1427 1555 1483 1604 ὥς
1519 1558 1594 1596 Τε-

124 1617 265 1674 μὴρης
294 1619 448 1667 ἐλάσας
479 1621 721 1673 πολιορκοίη
743 1618 1016 1671 Σεβάστειαν,
1046 1615 1202 1673 ἤλαυνε
1235 1620 1284 1661 τα
1315 1618 1497 1673 ἔμπαλιν
1525 1637 1597 1676 γε-

125 1684 309 1739 νόμενος,
339 1684 412 1727 καί
442 1682 517 1726 οῦκ
545 1686 748 1740 ἐξεγένετο
777 1686 892 1741 αὐτῷ
930 1686 1125 1738 ἐσβαλεῖν
1148 1687 1190 1735 ἐς
1216 1686 1289 1741 τήν
1323 1686 1594 1743 Πελοπόννη-

225 1803 279 1837 13.
306 1800 372 1847 τὴν
397 1809 479 1849 post
502 1807 566 1838 καὶ
583 1815 640 1837 om
657 1805 679 1837 P
776 1804 834 1838 20.
860 1806 1064 1851 πυθομένῳ
1094 1804 1144 1837 P:
1170 1815 1248 1838 corr
1263 1805 1294 1838 1⁷1

129 1922 275 1956 Paiaziti
301 1922 479 1955 Amor-aiis
518 1922 593 1956 filio
622 1933 718 1955 arma
746 1923 879 1956 inferre
908 1922 1067 1957 hostilia.
1130 1935 1198 1968 pax
1222 1928 1341 1957 autem
1370 1923 1436 1956 bac
1463 1923 1591 1957 condi-

128 1969 234 2003 cione
257 1970 452 2014 composita
480 1975 555 2011 est,
599 1976 637 2003 ut
665 1970 843 2004 tributum
880 1982 1045 2015 magnum
1090 1972 1287 2016 quotannis
1322 1971 1502 2017 penderet
1525 1983 1590 2016 pro

128 2016 407 2061 Massagetarum
435 2018 594 2061 regione,
620 2029 727 2063 quam
756 2018 862 2050 armis
892 2018 1095 2061 subegerat.

222 2063 360 2097 Bellum
386 2063 455 2096 boc
484 2070 523 2098 ut
549 2065 798 2097 intercedente
815 2065 961 2098 foedere
987 2065 1056 2098 fuit
1081 2066 1254 2109 sopitum,
1283 2065 1414 2099 accidit
1439 2072 1480 2100 ut
1505 2078 1590 2099 cau-

127 2123 200 2146 sam
225 2110 355 2144 ducum
385 2111 567 2144 inferioris
593 2112 697 2144 Asiae
723 2113 934 2156 susciperet.
982 2118 1158 2145 venerant
1183 2114 1279 2146 enim
1310 2125 1459 2146 numero
1486 2114 1589 2146 circi-

127 2164 182 2192 ter
207 2163 362 2199 centum,
390 2164 427 2192 et
454 2159 653 2192 Melitinem
681 2158 803 2192 urbem
829 2159 997 2204 auspiciis
1023 2160 1188 2193 Paiazitis
1214 2160 1406 2193 obsidione
1435 2161 1589 2193 circum-

125 2205 312 2240 dederant.
373 2211 579 2251 comparato
616 2206 740 2251 itaque
779 2217 885 2251 quam
925 2209 1046 2252 potuit
1073 2208 1233 2241 exercitu
1270 2208 1437 2247 maximo,
1463 2208 1588 2241 hostili

123 2254 242 2286 nnitno
266 2252 448 2298 profectus
474 2258 529 2286 est
555 2259 677 2286 contra
704 2253 925 2294 Sebastiam,
954 2253 1205 2299 Cappadociae
1233 2255 1355 2287 urbem
1383 2254 1512 2299 opibus
1532 2256 1587 2287 vi-

124 2305 290 2344 gentem3
315 2311 408 2345 quae
434 2299 637 2345 quondam,
663 2306 703 2333 ut
727 2306 896 2345 apparet,
924 2302 1014 2344 regis
1038 2302 1238 2334 Tureorum
1262 2302 1365 2335 sedes
1396 2302 1492 2345 regia
1522 2313 1584 2335 ex-

123 2348 210 2381 titit.
258 2358 302 2380 ex
325 2346 394 2380 hac
419 2347 514 2380 enim
541 2353 648 2380 antea
687 2347 903 2392 prodeuntes
930 2349 1035 2382 'l'urci
1072 2349 1247 2392 subegere
1274 2350 1453 2391 regionem
1479 2349 1584 2382 Asiae

122 2405 206 2427 non·
225 2393 402 2428 modicam
432 2406 546 2439 usque
572 2394 619 2427 ad
647 2394 943 2440 Hellespontum3
980 2402 1016 2429 et
1057 2396 1127 2428 iam
1164 2408 1291 2440 magna
1331 2408 1436 2428 manu
1477 2396 1585 2428 adve-

122 2442 265 2474 nientes
302 2441 546 2474 incursionem
586 2442 702 2475 fecere
743 2442 782 2474 in
817 2443 998 2486 regionem
1040 2455 1132 2487 quae
1168 2454 1211 2475 ex
1237 2442 1384 2476 adverso
1423 2444 1583 2486 Byzantii

123 2490 190 2526 sita
215 2488 444 2532 conspicitur.
494 2489 657 2522 Temires
697 2490 821 2535 itaque
858 2495 897 2522 ut
921 2490 1083 2530 advenit,
1108 2489 1232 2522 urbem
1273 2490 1490 2523 exercitibus
1517 2492 1584 2523 cir-

120 2535 307 2568 cumse'dit.
360 2535 530 2568 Paiazites
558 2537 648 2569 forte
679 2542 753 2569 tum
783 2536 926 2577 aberat,
955 2537 1041 2582 quia
1082 2537 1348 2582 expeditionem
1378 2544 1585 2582 susceperat

121 2588 246 2616 contra
267 2581 462 2615 Lebadiam
499 2582 670 2616 Boeotiae
716 2589 752 2616 et
790 2589 912 2617 contra
953 2584 1245 2628 Peloponnesum
1272 2584 1582 2631 Thessaliamque.

121 2630 269 2675 reliquit
306 2634 423 2662 tamen
460 2629 644 2663 sebastiae
685 2630 922 2664 Orthobulem
980 2631 1093 2663 filium
1138 2643 1216 2663 cum
1251 2632 1423 2664 exercitu.
1490 2644 1583 2678 quae

119 2677 239 2710 omnia
277 2687 356 2708 cum
395 2678 430 2709 in
462 2687 542 2710 eum
580 2677 723 2710 modum
750 2677 1009 2723 disposuisset,
1039 2679 1115 2722 ipse
1142 2683 1265 2710 contra
1295 2679 1582 2722 Peloponnesum

119 2724 240 2770 copias
265 2723 379 2756 duxit.
444 2728 481 2756 at
506 2729 546 2756 ut
577 2725 716 2769 accepit
743 2725 941 2758 Sebastiam
972 2737 990 2757 a
1022 2725 1163 2757 'l'emire
1191 2727 1414 2769 oppugnari,
1442 2732 1581 2760 mutato

119 2771 271 2804 consilio
308 2781 466 2803 reversus
494 2777 569 2811 est,
603 2783 668 2805 nec
701 2773 823 2817 potuit
851 2773 1047 2817 irrumpere
1082 2773 1119 2805 in
1153 2772 1451 2817 Peloponnesum.
1502 2785 1581 2807 cum

193 2843 524 2887 Chaccocondytas.
1286 2846 1328 2879 10
