1800 3172
218 193 279 238 36
542 192 759 233 LAONlCl
803 192 1306 234 CHALCOCONDYLAE

210 293 478 345 προηγμένον,
508 288 593 331 εἴτε·
616 292 687 330 καί
713 287 899 331 ἑκούσιον
927 291 988 330 ἐπ’
1019 285 1181 340 ἄμυναν
1223 287 1487 339 στελλόμενον
1513 290 1645 340 χωρίς

210 355 321 397 οὕτω
349 356 423 395 a'n'
462 354 648 406 α’λλήλων
690 354 972 410 ἄπῳκισμὲνον
1003 353 1149 405 ἔτυχεν
1178 350 1233 400 ὥς
1261 350 1369 392 ἔστιν
1409 353 1536 403 ἰδεῖν,
1577 367 1645 392 τε..

208 421 462 473 κμαίρεσθαι
487 416 644 469 ’μᾶλλόν
658 435 696 459 τι
715 415 741 471 ἢ
763 419 1101 471 διισχυρίζεσθαι
1122 419 1208 458 δἐὀι
1237 412 1300 458 ἄν.
1357 419 1545 458 ἐντεῦθεν
1570 418 1649 468 μὲν

208 481 280 526 οὖν
307 485 379 525 καί
412 481 486 535 τήν
515 497 558 524 τε
599 477 686 524 ἄνω
715 486 891 524 Μυσίαν
923 484 994 523 καί
1022 483 1133 523 κάτω
1154 481 1330 523 Μυσίαν
1357 479 1488 535 φάναι
1514 482 1646 528 καλῶς

169 547 320 602 Βέχειν
350 546 507 589 οἴονται
544 545 647 588 ἔνιοι
667 578 679 598 ,
709 547 765 594 ὥς
793 547 867 600 τήν
895 543 980 587 ἅνω
1011 549 1187 588 Μυσίαν
1228 547 1280 586 ου’
1307 544 1379 599 τὴν
1407 547 1449 593 ἐς
1478 544 1527 585 τά
1558 540 1678 590 ἅνω5

209 617 282 655 τοῦ
301 609 464 664 Ἴστρου
496 610 602 653 ἀλλὰ
630 612 706 665 τήν
733 614 775 660 ἐς
809 612 853 653 τὸ
883 613 1012 663 πέραν
1034 613 1110 651 τοῦ
1129 607 1296 663 Ἴστρου
1317 611 1527 666 ιρκημένην
1556 608 1646 662 χιό-

211 694 311 732 ραν,
339 676 415 731 τήν
461 678 507 719 δὲ
547 677 658 717 κάτω
686 679 862 718 Μυσίαν
907 675 956 716 οὖ
1003 675 1076 730 τὴν
1106 676 1148 722 ἐς
1175 674 1224 715 τὰ
1256 674 1367 715 κάτω
1395 669 1646 728 τοῦἽστρου

212 742 317 783 α’λλὰ
346 740 420 795 τὴν
445 743 516 783 έπί
542 742 660 782 τοῦτο
690 743 763 781 τοῦ
781 735 944 794 Ἴστρου
971 738 1131 794 χώραν,
1159 739 1251 780 ἕστε
1279 738 1349 779 ἐπὶ
1367 735 1549 779 Ἰταλίαν
1573 755 1625 779 κα

213 805 436 860 θήκουσαν.
499 806 595 853 τούς
636 807 777 857 μέντοι
809 806 1089 859 Ἰουργοέρους,
1120 803 1191 852 οὓς
1231 805 1340 845 κάτω
1375 805 1548 845 Μυσίαν
1575 819 1650 844 κα·

214 874 355 912 λοῦσιν
385 869 422 911 οἱ
455 865 620 922 ἄμεινον
642 868 873 923 Ἑλληνικῆς
898 871 1108 916 ἐπαΐοντες
1135 870 1289 922 φωνῆς,
1321 870 1548 919 ἐπίσταμαι
1577 883 1650 907 κα·
1663 876 1706 910 10

214 935 359 990 θήκειν
386 936 455 976 ε’πί
482 933 552 976 τὸν
570 930 727 986 Ἴστρον
760 933 839 974 α’πὸ
868 937 939 988 τῆς
975 934 1145 986 Βιδίνης
1174 932 1332 980 πόλεως
1363 931 1453 973 ἔστε
1477 933 1548 974 έπί
1564 927 1648 974 Εὖ-

217 1005 344 1048 ξεινον
387 997 536 1039 πόντον
559 1029 571 1049 ,
604 999 648 1040 ἐν
689 997 877 1054 Τρινάβῳ
906 997 1023 1039 πόλει
1065 995 1117 1039 wi
1146 999 1341 1050 βασίλεια
1369 1000 1516 1052 σφίσιν
1545 993 1650 1038 ἄπο-

219 1065 524 1114 δεικνυμένους.

335 1125 506 1176 Τούτοις
533 1129 611 1180 μὲν
642 1123 717 1168 οὖν
745 1126 867 1168 ὁπότε
890 1127 1162 1181 Ἀλέξανδρον
1191 1127 1212 1168 ὁ
1241 1128 1312 1180 τῆς
1341 1129 1518 1179 Σερβίας
1548 1127 1651 1178 κρά-

220 1197 304 1246 λης,
338 1191 358 1231 ὅ
387 1195 471 1233 τῶν
503 1194 744 1246 Τριβαλλῶν
773 1192 948 1245 ἡγεμών,
980 1194 1023 1239 ἐς
1050 1191 1126 1246 τήν
1153 1191 1368 1244 βασιλείαν
1394 1193 1650 1246 κατέστησεν,
1666 1202 1708 1236 15

220 1259 438 1310 ἐβασίλευέ
465 1272 510 1298 τε
539 1255 667 1305 οὕτως
696 1259 738 1304 ἐς
768 1256 791 1297 ὃ
821 1256 870 1310 δὴ
892 1259 1141 1311 τελευτήσας
1158 1259 1347 1298 κατέλιπε
1373 1259 1548 1308 βασιλέα
1575 1259 1652 1297 τοῦ

181 1324 362 1374 ςγένους
390 1320 462 1362 τὸν
501 1323 632 1362 παῖδα
662 1321 794 1362 αὐτοῦ
828 1321 1084 1373 Σούσμανον,
1123 1323 1188 1376 ἐφ’
1222 1318 1267 1362 ὃν
1296 1319 1346 1375 δὴ
1379 1322 1652 1375 ἐστρατεύετο

221 1387 483 1439 Ἀμουράτης
522 1385 545 1425 ὅ
578 1381 803 1439 Ὀρχοὶνεω.
860 1387 951 1426 ἐπεὶ
978 1387 1020 1433 ἐς
1063 1384 1318 1440 Τριβαλλούς
1351 1387 1545 1438 ἐσέβαλε,
1587 1387 1658 1426 καί

222 1451 335 1505 μάχῃ
365 1449 569 1503 κρατήσας
599 1451 736 1491 αὐτῶν
757 1450 922 1504 Φερράς
943 1466 985 1490 τε
1014 1449 1242 1504 ὑπηγάγετο
1270 1449 1388 1492 πόλιν
1415 1453 1655 1505 εὐδαίμονα,

223 1514 295 1556 καί
323 1513 372 1556 τοὶ
407 1516 447 1562 ἐς
469 1514 545 1567 τὴν
566 1513 771 1568 Ῥοδόπην
784 1515 918 1567 χωρία
947 1513 1333 1568 καταστρεψάμενος
1362 1514 1522 1569 μεγάλα
1551 1518 1655 1557 α’πε-
1667 1523 1713 1556 20

225 1581 410 1620 δείκνυτο
445 1578 556 1632 ἔργα.
623 1580 749 1634 Σαΐνῃ
778 1595 819 1620 τε
858 1578 931 1631 τὴν
964 1583 1139 1631 Φερρῶν
1166 1579 1390 1632 ἐπιτρέψας
1421 1579 1552 1635 πόλιν,
1580 1581 1657 1623 οἷν-

227 1644 297 1697 ὃρί
323 1645 490 1699 α’γαθῷ,
520 1644 784 1698 ἐστρατεύετο
817 1643 1147 1695 έπίΣοιῖσμανον
1175 1644 1243 1684 τὸν
1266 1646 1439 1694 Μυσίας
1463 1649 1655 1699 βασιλέα,

321 1764 351 1844 ἒ.
377 1762 585 1830 ιζπέμειναν
612 1764 645 1803 P,
675 1765 711 1801 ἐς
736 1762 930 1808 ιῖπέμυναν
959 1764 989 1795 Τ
1131 1764 1162 1796 8.
1190 1758 1280 1797 ἄλλα
1307 1775 1361 1797 om
1390 1765 1413 1797 P
1533 1765 1586 1798 18.
1621 1764 1660 1805 ὃς

340 1820 418 1842 πει.

230 1904 326 1936 orbis
353 1909 522 1936 terrarum
547 1909 708 1943 tractum,
735 1905 796 1948 qui
823 1904 1077 1948 propemodum
1097 1904 1342 1937 inhabitabilis
1370 1906 1416 1938 sit
1442 1905 1658 1940 hominibus.

230 1951 284 1982 illi
310 1953 432 1994 itaque
457 1950 531 1982 sive
571 1951 780 1982 necessitate
810 1951 883 1982 sive
909 1951 1091 1983 voluntate
1126 1951 1240 1990 tracti,
1265 1950 1310 1983 ad
1333 1952 1387 1984 sui
1413 1951 1658 1986 defensionem

230 1997 375 2029 seorsim
416 2007 435 2028 a
460 1995 607 2040 reliquis
642 1996 811 2039 segregati
838 1995 996 2029 habitare
1026 1997 1266 2036 instituerunt,
1293 2002 1333 2029 ut
1359 1997 1478 2030 videre
1504 2003 1556 2032 est
1582 2011 1658 2032 ma-

231 2043 282 2086 gis
306 2041 522 2075 coniectanti
557 2052 662 2086 quam
698 2043 878 2074 veritatem
911 2043 960 2075 rei
996 2043 1255 2087 pronuntianti.
1314 2049 1350 2075 at
1373 2043 1431 2075 hic
1455 2045 1557 2076 sitam
1583 2056 1659 2078 esse
1702 2035 1708 2050 ⁸

232 2089 450 2133 superiorem
475 2093 512 2120 et
535 2087 739 2120 inferiorem
759 2088 926 2130 Mysiam,
954 2100 1027 2122 non
1054 2100 1129 2121 eam
1156 2089 1330 2131 regionem
1353 2094 1447 2122 recte
1473 2090 1544 2123 dici
1569 2102 1660 2135 quae

234 2145 336 2179 supra
367 2135 514 2173 Istrum,
547 2144 667 2166 verum
707 2144 797 2178 quae
836 2135 926 2166 ultra
950 2136 1078 2167 Istrum
1103 2135 1254 2175 colitur5
1292 2145 1358 2167 nec
1384 2137 1489 2168 etiam
1515 2137 1663 2170 inferior

233 2181 347 2224 Mysia
372 2185 597 2224 nuncupatur
623 2180 716 2223 regio
744 2191 834 2224 quae
860 2181 948 2212 Istro
973 2181 1131 2213 subiecta
1168 2186 1232 2212 est.
1284 2180 1328 2212 ad
1351 2182 1452 2214 istam
1483 2184 1662 2225 regionem

233 2227 333 2266 Istri‚
368 2237 459 2271 quae
490 2225 533 2257 ad
562 2226 699 2258 Italiam
732 2237 844 2270 usque
882 2236 919 2258 se
953 2227 1121 2270 porrigit,
1149 2226 1334 2269 Bulgaros,
1369 2237 1459 2270 quos
1485 2229 1663 2262 inferioris

233 2273 367 2315 Mysiae
391 2272 525 2304 incolas
551 2271 740 2316 perhibent
767 2277 802 2304 et
826 2271 994 2305 Graecam
1021 2273 1175 2315 linguam
1190 2273 1318 2305 callere
1345 2273 1456 2314 aiunt,
1480 2275 1552 2308 scio
1582 2272 1663 2319 pei·-

234 2319 373 2351 veniase
397 2330 415 2350 a
442 2317 582 2360 Bydena
609 2317 695 2349 urbe
725 2328 835 2362 usque
861 2317 905 2349 ad
929 2319 1106 2351 Euxinum
1132 2324 1293 2363 pontum,
1318 2319 1514 2353 Trinabum
1543 2321 1665 2354 urbem

237 2365 332 2408 regni
358 2365 411 2396 sui
435 2363 552 2396 sedem
574 2363 816 2396 decernentes.

330 2421 401 2453 Hos
426 2420 568 2465 quidem
597 2420 806 2459 Alexander,
830 2431 935 2464 quem
953 2419 1094 2453 Serviae
1118 2421 1430 2468 Triballorumque
1456 2423 1527 2457 dux
1554 2422 1665 2457 Chra-

237 2467 289 2499 les
314 2477 420 2509 regno
459 2466 651 2510 praefecit,
681 2467 827 2510 imperio
867 2467 956 2498 rexit
972 2491 981 2504 ,
1005 2466 1119 2499 donec
1143 2474 1349 2509 moreretur,
1377 2470 1565 2513 superstite
1590 2470 1666 2503 filio

238 2514 429 2551 Snsmano,
469 2513 529 2557 qui
559 2513 593 2544 in
624 2517 808 2556 paternum
833 2513 1000 2544 successit
1028 2523 1182 2555 regnum.
1240 2513 1336 2546 hunc
1362 2515 1459 2547 bello
1484 2526 1666 2559 aggressus

239 2565 292 2591 est
315 2561 508 2596 Amurates,
533 2558 704 2591 Orchanis
730 2558 881 2591 soboles.
932 2563 1121 2603 postquam
1146 2565 1263 2592 autem
1286 2566 1396 2593 castra
1424 2562 1460 2594 in
1487 2561 1666 2596 Tribunos

239 2605 360 2644 movit,
385 2615 444 2636 eos
473 2605 606 2647 praelio
631 2605 736 2646 vicit;
763 2603 976 2648 Pherrasque
1011 2604 1132 2637 urbem
1161 2606 1364 2649 opulentam
1389 2608 1426 2640 in
1457 2613 1665 2651 potestatem

241 2650 388 2692 redegit,
414 2656 449 2682 et
474 2651 551 2684 loca
570 2650 767 2695 Rhodopen
793 2651 988 2694 spectanti-1
1012 2651 1050 2683 in
1067 2651 1240 2684 dicionem
1271 2654 1420 2697 accepit,
1446 2654 1667 2698 maximaque

240 2697 380 2730 virtutis
403 2697 565 2730 militaris
590 2696 754 2742 patrabat
778 2707 895 2742 opera.
946 2697 1042 2729 Saini
1069 2698 1142 2730 viro
1172 2699 1306 2742 optimo
1333 2711 1410 2732 cum
1437 2701 1668 2734 commisisset
