1748 3210
176 174 194 214 1
208 173 268 215 70
529 175 748 217 LAONICI
791 176 1293 219 CllALCOCONDYLAE

171 274 254 313 τῶν
282 273 464 326 α’ρίστων
492 270 581 315 ὅσοι
614 275 812 328 διέφυγον
835 276 1011 326 βασιλέα
1044 273 1220 328 Τεμήρη,
1250 276 1300 316 τά
1332 290 1374 316 τε
1400 273 1601 330 Προύσης

170 339 364 388 βασίλεια
392 336 500 391 ἔσχε,
531 340 603 380 καί
626 338 702 392 τὴν
733 334 861 392 ἄλλην
888 341 962 391 τῆς
989 338 1135 386 Ἀσίας
1171 338 1306 392 α’ρχὴν
1336 337 1468 396 ἑαυτῷ
1495 339 1602 381 ὕπα-

171 397 342 452 γόμενος
382 401 455 449 τοὶς
484 417 526 442 τε
557 401 694 456 α’ρχὰς
723 404 919 454 διένειμε,
945 405 1016 443 καί
1042 404 1082 449 ἐς
1113 402 1188 455 τὴν
1221 403 1425 457 Εὐρώπην
1451 402 1602 456 διαβὰς

69 475 156 510 P,91
172 462 244 518 τήν
274 480 318 504 τε
344 468 561 518 βασιλείαν
600 469 796 520 κατέσχεν
831 467 1031 521 Ἑλλήνων
1069 468 1139 508 ἐπὶ
1165 467 1214 508 τοὶ
1244 465 1446 522 Εὐρώπης
1484 470 1600 520 βασί-

174 534 264 570 λεια
295 525 434 570 ὄντων.
490 530 561 571 καί
587 526 768 584 ἄρχοντα
796 533 842 573 δὲ
882 532 1095 586 ἐφίστησιν
1124 534 1169 573 ὲν
1196 533 1245 587 τῇ
1273 531 1466 588 Εὐρώπῃ,
1493 527 1522 587 ᾗ
1551 533 1636 586 δήὸ

171 595 282 650 αὐτῷ
309 595 546 648 ἐπιτηδείως
587 594 697 648 ἔχειν
725 595 925 651 ἐφαίνετο.
957 595 1293 650 ΠΙουσουλμοίνης
1329 599 1407 648 μὲν
1434 592 1506 638 οὖν
1536 594 1606 650 ὄρ-

169 659 358 710 μώμενος
398 660 483 700 α’πό
522 660 756 711 Βυζαντίου
797 664 1013 702 συνίστατο
1051 661 1122 702 ἐπὶ
1148 661 1218 702 τὸν
1243 661 1426 715 Ἰησοῦν,
1456 659 1528 702 καὶ
1553 661 1604 702 τοὶ

171 725 348 776 πολέμια
375 724 588 777 γενόμενος
631 726 733 779 α’νηρ
766 725 951 779 α’γαθός,
980 728 1052 767 καί
1089 729 1151 767 ἐπ’
1182 724 1310 767 αὐτὸν
1337 729 1607 779 προσγενομέ-

173 804 255 829 νων
286 790 369 829 ταῖν
397 791 467 842 τῆς
486 790 690 842 Ειῖρώπης
719 791 902 843 α’ρίστων
934 793 1006 830 καί
1031 791 1253 845 νεηλύδων,
1287 788 1377 832 ὅσοι
1402 805 1446 832 τε
1471 791 1607 832 affro&

173 853 360 908 ἑι-ςόκουν,
391 852 509 910 ἐπῄει
542 869 583 894 τε
612 853 680 895 διὰ
710 857 781 908 τῆς
810 853 1014 909 Εὐρώπης
1042 854 1271 905 ἐπεξελθὼν
1298 857 1370 896 καί
1397 853 1607 908 ὗπαγόμε-
1621 862 1663 896 10

175 933 242 965 νος
267 916 420 971 ταύτην
451 917 598 976 ἐαυτῷ,
627 919 797 968 α’πόντος
825 922 898 961 τοῦ
917 921 1058 974 Ἰησοῦ
1087 918 1128 968 ἐς
1146 920 1218 972 τὴν
1247 922 1388 962 Ἀσίαν
1415 922 1487 962 καί
1514 922 1607 962 δια-

173 984 390 1034 τρίβοντος.
445 985 549 1035 μετὰ
580 987 626 1026 δὲ
641 987 773 1026 ταῦτα
793 983 834 1032 ἐς
858 985 933 1038 τὴν
954 986 1100 1027 Ἀσίαν
1118 984 1280 1038 διαβάς,
1306 983 1414 1038 ἔχων
1440 983 1484 1026 τὸ
1505 983 1605 1026 ’ἀπὸ

171 1050 243 1100 τῆς
276 1047 478 1103 Εὐρώπης
521 1049 781 1102 στράτευμα,
811 1048 1073 1103 ἐστρατεύετο
1099 1048 1170 1091 ἐπὶ
1195 1051 1358 1104 Ἰησοῦν
1389 1050 1459 1092 τὸν
1485 1051 1606 1091 ‹idst-

136 1112 256 1167 Βφόν
285 1114 548 1166 διατρίβοντα
577 1117 674 1168 περί
697 1116 1000 1156 Καππαδοκίαν
1018 1148 1030 1167 ,
1059 1117 1149 1156 ἐπεὶ
1178 1115 1441 1168 συνεμάχουν
1463 1115 1506 1168 ,οἱ
1533 1117 1608 1158 τοῦ

172 1180 382 1219 Σινωπιόυ
422 1176 615 1231 ἡγεμόνες
646 1181 760 1235 αὐτῷ
790 1178 863 1220 καί
900 1177 937 1220 οἱ
967 1181 1037 1231 τῆς
1079 1181 1322 1232 συμμαχίας
1361 1179 1499 1221 λοιποί
1525 1183 1606 1222 τῶν
1621 1185 1662 1218 15

172 1243 401 1295 τυράννων.
469 1244 697 1295 συμβαλών
726 1246 772 1285 δὲ
802 1246 932 1285 αὐτοῦ
970 1242 1100 1300 ταύτῃ
1132 1245 1187 1300 τῷ
1219 1244 1388 1301 ἀδελφῷ
1413 1244 1486 1286 καί
1511 1259 1607 1298 τρε-

172 1307 356 1359 ψάμενος
384 1306 511 1348 πολλά
540 1323 583 1348 τε
611 1310 687 1350 τοῦ
713 1308 1018 1363 στρατεύματος
1060 1308 1195 1350 αὐτοῦ
1231 1311 1274 1351 ἐν
1300 1311 1350 1364 τῇ
1375 1306 1493 1365 μα’χῃ
1522 1310 1606 1350 διὲ-

172 1375 334 1426 φθειρε,
358 1375 430 1414 καί
472 1371 521 1427 δη
566 1374 723 1427 Ἰησοῦν
766 1371 983 1428 ζωγρήσας
1014 1373 1267 1428 διεχρήσατο
1298 1376 1605 1427 βασιλεύσαντα

173 1434 240 1492 ἔτη
270 1439 466 1491 τέσσαρα.

317 1497 448 1551 Οὗτος
487 1505 564 1555 μὲν
605 1502 654 1556 δὴ
699 1498 807 1543 οὕτω
835 1502 1106 1556 καθαιρεθεὶς
1143 1501 1223 1543 ὑπὸ
1259 1502 1663 1554 Μουσουλμοίνεω20

173 1563 438 1620 ἐτελεύτησεν
456 1581 466 1593 ·
529 1567 585 1616 ὠς
623 1569 668 1608 δὲ
697 1566 1038 1621 ΙΠουσουλμάνης
1078 1566 1119 1614 ἐς
1142 1565 1218 1621 την
1244 1570 1461 1618 βασιλείαν
1487 1569 1607 1608 κατέ-

173 1648 250 1686 στη
290 1634 362 1673 καί
400 1634 635 1687 ἐβασίλευε,
679 1634 842 1685 Μωσῆς
885 1635 1183 1684 μεμεθειμένος
1221 1635 1292 1673 καί
1320 1633 1495 1687 ‹ispe-9229
1523 1630 1605 1672 ὑπὸ

266 1753 299 1786 5.
327 1752 446 1788 ὄντων
475 1764 531 1786 om
551 1754 581 1786 T

176 1859 221 1891 ris
247 1863 431 1891 evaserant
459 1870 592 1899 manus,
620 1860 760 1892 Prusam
787 1859 883 1903 regni
911 1858 1029 1891 sedem
1053 1859 1182 1891 invasit
1206 1862 1242 1890 et
1267 1857 1437 1890 obtinuit.
1488 1858 1603 1891 Asiam

176 1905 385 1943 universam,
416 1916 508 1950 quae
534 1906 571 1937 in
596 1910 810 1949 potestatem
840 1910 985 1938 venerat
1010 1905 1254 1947 magistratus,
1281 1905 1410 1937 muniis
1434 1903 1605 1947 firmavit5

177 1951 271 1984 etin
296 1951 470 1995 Europam
500 1957 734 1994 transgressus
762 1951 862 1983 brevi
889 1963 967 1983 cuin
996 1951 1209 1983 Graecorum
1235 1961 1339 1993 regno
1367 1951 1471 1983 etiam
1494 1951 1606 1988 Euro·

175 2007 242 2043 pac
267 1998 449 2042 imperium
485 2003 607 2030 nactus
632 2003 697 2030 est.
756 1998 917 2042 Europae
943 2008 1026 2029 vero
1067 1997 1190 2030 ducem
1220 1995 1341 2036 dedit,
1382 1997 1442 2041 qui
1468 1996 1537 2029 sibi
1562 1996 1607 2028 ad

176 2054 254 2076 eam
282 2054 352 2076 rem
381 2043 568 2076 videbatur
606 2044 818 2087 aptissimus.
880 2044 1120 2076 Mulsumanes
1157 2054 1234 2075 cum
1269 2044 1423 2075 exercitu
1449 2053 1604 2086 egressus

174 2088 346 2132 Byzantio
380 2089 516 2122 bellum
560 2089 687 2122 indicit
712 2090 790 2122 Iesu
830 2090 901 2123 sive
928 2091 1063 2122 iosuae.
1115 2100 1194 2122 cum
1221 2094 1339 2121 autem
1363 2089 1604 2120 Mulsumanes

176 2136 385 2169 bellicarum
422 2147 535 2168 rerum
559 2136 790 2180 peritissimus
820 2136 924 2180 longe
950 2135 1164 2175 haberetur,
1191 2140 1226 2167 et
1253 2134 1298 2166 ad
1320 2135 1433 2178 ipsum
1459 2134 1605 2167 advola-

177 2187 256 2215 rent
281 2193 324 2215 ex
347 2183 486 2227 Europa
510 2182 633 2226 optimi
669 2183 803 2226 quique
841 2188 877 2214 et
902 2182 1097 2226 peregrini,
1125 2182 1187 2225 qui
1210 2180 1260 2212 ibi
1288 2181 1389 2213 sedes
1414 2180 1607 2219 habebant,

176 2229 468 2273 proficiscebatur
493 2239 555 2272 per
579 2229 750 2273 Europam
778 2228 974 2260 universam
1006 2238 1193 2271 peragrans
1219 2231 1255 2259 et
1281 2228 1319 2258 in
1344 2226 1519 2259 dicionem
1547 2237 1610 2259 ac-

178 2275 326 2318 cipiens,
353 2276 429 2308 lesu
456 2275 604 2307 absente
622 2280 658 2308 et
686 2285 799 2307 moras
826 2275 862 2306 in
881 2275 958 2306 Asia
983 2279 1159 2306 nectente.
1207 2271 1262 2305 his
1283 2273 1332 2305 ita
1357 2273 1463 2316 gestis
1491 2278 1608 2305 trans-

177 2326 298 2354 vectus
327 2322 364 2353 iu
388 2321 514 2360 Asiam,
540 2322 695 2353 munitus
721 2321 876 2353 exercitu
900 2331 1004 2365 quem
1023 2321 1059 2352 in
1084 2320 1222 2363 Europa
1252 2319 1517 2363 conscripserat,
1542 2319 1609 2352 ho·

179 2367 253 2400 stili
280 2368 397 2400 animo
422 2368 538 2412 pergit
565 2372 685 2399 contra
710 2367 851 2399 fratrem
878 2378 977 2399 suum
1013 2367 1150 2404 Iesum,
1191 2365 1256 2397 sub
1282 2364 1375 2397 idem
1406 2371 1543 2411 tempus
1571 2365 1609 2398 in

179 2413 401 2458 Cappadocia
427 2419 607 2457 agentem,
643 2414 726 2458 quia
753 2413 965 2457 Sinopenses
1004 2412 1180 2457 principes
1208 2411 1473 2444 auxiliabantur
1502 2411 1548 2453 ei,
1573 2416 1610 2444 et
1655 2452 1658 2457 Ι

180 2461 309 2505 reliqui
350 2461 550 2504 principum
585 2460 671 2492 socii
695 2458 852 2492 subsidio
886 2458 1091 2491 veniebant.
1151 2457 1292 2490 collatis
1326 2463 1442 2491 autem
1468 2468 1511 2490 eo
1536 2457 1606 2491 loci

179 2506 298 2550 signis,
322 2518 481 2551 pugnans
505 2518 582 2538 cum
606 2506 711 2539 fratre
739 2511 775 2538 et
799 2515 880 2538 eum
907 2505 946 2537 in
972 2505 1087 2548 fugam
1111 2504 1314 2544 coniiciens,
1338 2505 1524 2537 maximam
1547 2515 1610 2536 ex-

179 2553 306 2584 ercitus
335 2559 470 2597 partem
499 2553 536 2585 in
569 2553 703 2597 praelio
728 2552 863 2585 statuit.
929 2552 1025 2583 lesus
1050 2562 1133 2583 vero
1161 2551 1258 2583 vivus
1284 2551 1322 2582 in
1352 2561 1474 2583 manus
1499 2550 1607 2583 venit.

181 2610 299 2643 quem,
324 2611 400 2631 cum
442 2610 548 2642 reguo
587 2598 797 2644 praefuisset
823 2597 922 2630 annis
947 2602 1136 2642 quattuor,
1164 2595 1364 2630 trucidavit.

273 2647 304 2677 ls
330 2646 434 2689 igitur
458 2657 477 2677 a
496 2645 717 2678 Mulsumane
736 2649 938 2689 peremptus
953 2645 989 2676 in
1005 2643 1098 2675 huuc
1115 2642 1258 2676 modum
1275 2647 1422 2677 mortem
1443 2640 1544 2674 obiit.
1571 2646 1610 2673 ut

182 2691 330 2735 primum
357 2692 598 2725 Mulsumanes
623 2702 766 2736 regnare
789 2691 919 2735 coepit,
945 2690 1078 2730 Moses,
1107 2690 1169 2735 qui
1193 2688 1355 2723 dimissus
1383 2693 1458 2723 erat
1482 2698 1498 2720 a
1529 2698 1608 2731 rege
