1774 3204
249 165 342 210 560
570 167 785 208 LAONICl
826 165 1332 208 CHALCOCONDYLAE
1694 0 1774 223 Ἰ

246 281 321 318 χρι
365 265 588 311 Θετταλίας
615 265 656 311 ἐς
686 263 891 317 Πηνειόν,
925 262 994 302 καί
1021 263 1399 315 ’ἐστρατοπεδεύετο
1436 262 1548 317 παρὰ
1577 268 1672 307 Λα-

246 332 366 383 ρίσσῃ
396 330 444 382 τῇ
470 326 602 368 πόλει.
676 326 899 383 συμβούλῳ
948 328 993 367 δὲ
1020 327 1169 380 ἐχρῆτο
1195 329 1272 378 μὲν
1297 326 1453 383 Ὀμὰρῃ
1483 330 1537 384 τῷ
1569 332 1673 370 Tov·
1762 382 1766 389 .

249 391 438 444 ραχάνεω
458 393 686 439 Θετταλίας
713 389 900 448 ὑπάρχῳ.
958 391 1205 444 ἀπετρέπετο
1233 392 1278 431 δὲ
1303 390 1360 445 μὴ
1389 394 1431 442 ἐς
1459 390 1504 433 τὸ
1533 392 1674 446 πρόσω
1756 390 1774 479 i

250 456 448 510 ἐλαύνειν,
482 455 587 496 α’λλὰ
616 460 784 509 βασιλεῖ
815 456 1076 508 ἅναγγέλλειν
1123 455 1177 502 ὥς
1206 455 1229 508 ἦ
1260 455 1500 510 παρασκευὴ
1524 458 1677 509 μείζων

249 518 275 574 ἢ
301 518 406 560 κατὰ
436 512 505 560 τόν
532 523 734 572 βασιλέως
755 517 933 571 ἡγεμόνα
950 534 960 543 ·
1019 519 1146 566 αὐτὸς
1164 519 1242 572 γὰρ
1269 519 1546 573 στρατεύματι
1573 520 1710 575 πρό-5

250 589 351 626 σθεν
385 583 578 636 ἐγγύτατα
607 587 683 625 τοῦ
708 585 887 635 Ἰσθμοῦ
915 582 1162 639 ἀφικόμενος
1191 583 1484 637 τηλεβόλουςτε
1504 586 1679 640 οἶφεώρα
1760 578 1774 634 ξ

253 650 416 696 πλείους
444 644 469 702 ἢ
499 650 728 700 δισχιλίους
773 649 844 688 καί
870 648 1160 702 τηλεβολιστιὶς
1202 651 1487 700 τετρακοσίους
1515 651 1584 692 καί
1609 665 1681 690 το-
1757 645 1774 672 ”“

254 713 372 762 ξότας
397 715 468 752 καί
488 715 729 763 πελταστάς,
758 715 828 752 καί
856 714 1002 765 μηδενί
1030 711 1183 760 αὐτούς
1212 710 1346 753 αὖτοῦ
1373 715 1416 755 ἐν
1438 715 1500 769 ’τῷ
1523 715 1682 770 Ἰσθμῷ

213 779 478 829 Οέπιτρέψαι
509 774 560 816 ἄν
581 775 1030 830 στρατοπεδεύσασθαι..
1087 778 1217 817 ταῦτα
1246 778 1481 819 ἀκούσαντα
1500 776 1572 819 τὸν
1601 781 1681 830 βα-

253 844 397 890 σιλέως
427 841 620 894 ἡγεμόνα,
649 841 783 881 ἐδόκει
811 844 980 892 βασιλεῖ
1001 843 1076 892 μὲν
1104 842 1468 893 καταλαμβάνοντα
1497 841 1573 895 τήν
1590 845 1682 883 Πε-
1696 849 1737 882 10

253 905 498 958 λοπόννησον
530 908 818 958 απαγγέλλειν,’
842 903 997 953 αότούς
1028 907 1072 945 δὲ
1101 905 1401 955 ἀναζεύξαντας
1432 908 1537 946 ἰέναι
1563 908 1606 954 ἐς
1637 905 1683 947 τὸ

253 970 393 1023 πρόσω
422 972 463 1016 ἐς
492 970 722 1021 Λεβαὸιάν.
797 969 994 1021 βασιλεὺς
1022 971 1118 1023 μέν,
1158 968 1214 1017 αἷς
1243 971 1408 1022 α’γγελιά
1436 972 1552 1026 αὐτῷ
1579 971 1683 1024 οἷφί-

251 1050 340 1075 zeto
371 1035 442 1088 τήν
469 1049 513 1075 τε
543 1032 784 1088 παρακευὴν
811 1034 993 1087 μεγάλην
1021 1049 1064 1074 τε
1095 1030 1199 1075 εἶναι
1231 1035 1302 1075 καί
1329 1035 1544 1088 ἀξιόχρεω,
1574 1037 1684 1089 λεγέ-

251 1117 320 1140 ται
350 1101 395 1139 δὲ
423 1099 538 1154 αὐτῷ
577 1101 647 1139 καί
687 1099 912 1150 γράμματα
951 1100 1087 1139 ἐλθεῖν
1128 1098 1208 1138 ἀπὸ
1243 1098 1563 1151 Πελοποννήσου
1591 1101 1684 1140 ἐπο-

254 1164 468 1216 τρύνοντα,
497 1164 553 1210 ὥς
581 1158 630 1215 ἢν
658 1165 773 1218 ἐπίῃ,
803 1163 850 1202 οὐ
892 1165 1086 1213 μενοῦσιν
1114 1161 1243 1203 αι’τόν
1268 1161 1436 1204 ἐπιόντα
1462 1162 1500 1205 οἱ
1531 1165 1683 1206 Ουένε-
1698 1171 1762 1206 15.

252 1228 327 1268 τοί.
384 1227 433 1268 τά
482 1227 706 1279 γράμματα
745 1229 905 1279 ἐνέγκαι
949 1226 1060 1282 αὐτῷ
1093 1223 1225 1279 ἄνδρα
1255 1227 1455 1278 Ἀλβανὸν
1486 1226 1566 1268 α’πὸ
1594 1231 1685 1270 Ko-

254 1292 414 1344 ρι’νθου,
442 1291 592 1345 σκάφει
621 1291 664 1332 τό
695 1293 869 1343 πέλαγος
899 1291 1055 1343 νυκτός,
1075 1291 1310 1345 τηρήσαντα
1328 1294 1502 1346 πνεῦμα,
1530 1291 1586 1340 ὥς
1615 1288 1687 1333 οὕ-

255 1370 330 1408 ρου
362 1357 683 1409 κατασταμὲνου,
714 1355 785 1395 καί
802 1355 947 1402 νυκτὸς
975 1357 1206 1407 α’παίροντα
1227 1356 1616 1409 διαπεραιιόσασθαι
1645 1360 1687 1406 ἐς

258 1419 476 1472 Βοιωτίαν,
509 1417 724 1471 ἀποβάντα
754 1419 978 1474 ἀφικέσθαι
1001 1420 1112 1473 παρὰ
1138 1418 1433 1474 Μαχουμούτη
1459 1423 1502 1468 ἐς
1536 1422 1688 1462 Θεττα-

216 1486 364 1524 Βλιάν.
421 1482 492 1524 τὸν
522 1486 567 1524 δὲ
610 1483 948 1538 ἑπιφρασάμενον
982 1483 1030 1524 τὰ
1058 1484 1296 1538 γράμματα,
1325 1485 1740 1537 συσκευασάμενον20

257 1549 451 1590 ἐντεῦθεν
489 1549 532 1596 ἐς
567 1547 609 1588 τὸ
655 1547 793 1600 πρόσω
827 1548 1042 1600 ἐλαύνειν,
1069 1547 1270 1589 ἐλάσαντα
1309 1550 1440 1601 α’γχοῦ
1468 1549 1689 1604 Βοιωτίοις,Ι

257 1614 492 1667 α’φικνεῐται
518 1615 685 1666 α’γγελιά
720 1611 776 1660 ὥς
814 1614 1011 1655 Ουένετοί
1039 1613 1109 1654 τόν
1137 1630 1182 1655 τε
1209 1610 1387 1666 Ἰσθμὸν
1414 1615 1689 1662 ἐκλελοιπότες

1754 296 1774 357 2}

1764 826 1771 843 ο
1765 758 1774 819 ,vara
1763 726 1774 746 -v
1765 709 1774 719 a
1768 684 1774 696 ..-

1771 939 1774 942 Δ
1766 895 1774 922 A».
1765 858 1774 881 er

1766 1083 1774 1160 axa-m
1767 1019 1774 1059 ,ιῳ
1766 981 1774 1002 -a

1768 1162 1774 1177 1

1770 1197 1774 1207 ι

258 1810 334 1837 ctus
359 1810 412 1836 est
449 1805 485 1836 in
504 1804 720 1836 Thessaliam
750 1815 862 1848 usque
903 1804 946 1836 ad
976 1805 1151 1844 Peneum,
1182 1810 1218 1837 et
1242 1809 1352 1838 castra
1380 1815 1490 1849 prope
1516 1805 1686 1838 Larissam

259 1851 379 1882 urbem
414 1851 542 1894 posuit.
606 1861 647 1882 eo
687 1851 723 1882 in
755 1850 853 1882 bello
888 1851 1088 1882 consiliario
1128 1851 1292 1883 utebatur
1325 1851 1451 1883 Omare
1482 1850 1686 1884 Thessaliae

259 1897 453 1940 praefecto,
481 1897 540 1940 qui
569 1895 783 1928 Maeliumeti
809 1896 1018 1928 consulebat
1042 1902 1080 1928 ut
1117 1896 1322 1929 subsisteret
1349 1907 1414 1929 uec
1439 1897 1586 1930 ulterius
1610 1908 1687 1929 mo-

258 1947 367 1981 veret,
394 1941 455 1974 sed
479 1942 550 1984 regi
576 1942 789 1985 significaret
812 1942 898 1974 belli
924 1943 1052 1974 molem
1078 1943 1242 1974 maiorem
1269 1942 1471 1986 impendere
1497 1953 1602 1987 quam
1629 1943 1687 1975 cui

262 1989 373 2030 regius
403 1987 473 2019 dux
498 1986 654 2020 sufficere
681 1989 736 2020 vel
761 1998 825 2031 par
849 1999 922 2020 esse
951 1989 1073 2031 possit.
1122 1999 1201 2019 nam
1238 1999 1314 2020 cum
1341 1989 1447 2032 paulo
1474 1995 1555 2021 ante
1581 1999 1687 2034 quam

260 2035 417 2078 proxime
453 2033 498 2065 ad
535 2033 701 2065 Isthmum
739 2034 941 2076 speculator
976 2034 1202 2073 accessisset,
1229 2033 1436 2066 bombardas
1465 2035 1686 2078 conspicatus

262 2085 315 2111 est
337 2080 455 2123 plures
489 2089 592 2123 quam
631 2080 684 2111 bis
716 2080 834 2118 mille,
874 2085 1055 2122 praeterea
1096 2079 1359 2112 bombardarios
1394 2079 1685 2124 quadringent083

262 2136 398 2157 necnou
424 2126 618 2168 sagittarios
643 2131 678 2157 et
701 2126 891 2167 scutigeros
921 2124 1028 2166 vidit,
1066 2127 1126 2168 qui
1152 2125 1248 2156 haud
1282 2126 1383 2157 facile
1411 2126 1575 2169 cuiquam
1598 2137 1685 2158 con-

261 2172 390 2203 cessuri
415 2171 486 2203 sint
511 2176 620 2202 casira
648 2171 684 2202 in
711 2170 844 2202 Isthmo
870 2171 997 2203 locare.
1060 2171 1146 2203 haec
1173 2182 1251 2203 cum
1275 2171 1466 2215 accepisset
1490 2172 1579 2214 regis
1603 2170 1685 2211 dux,

259 2218 368 2249 visum
395 2222 447 2248 est
471 2217 542 2259 regi
569 2215 735 2256 indicare,
761 2222 799 2248 ut
823 2217 1103 2259 Peloponnesum
1129 2217 1364 2260 opprimeret:
1396 2227 1432 2248 se
1454 2227 1535 2249 vero
1563 2217 1687 2262 prose-

261 2263 414 2294 ctionem
442 2262 589 2294 ulterius
616 2262 766 2294 facturos
793 2262 982 2293 Lebadiam
1022 2273 1144 2306 usque.
1193 2263 1336 2294 nuntius
1360 2263 1468 2305 igitur
1501 2262 1546 2294 ad
1571 2273 1686 2306 regem

262 2309 370 2347 venit,
399 2308 458 2352 qui
487 2308 676 2340 nuntiabat
712 2314 916 2351 apparatum
954 2308 1039 2339 belli
1065 2319 1140 2340 esse
1168 2319 1327 2350 magnum
1353 2314 1388 2340 et
1411 2308 1686 2341 memorabilem.

264 2355 404 2386 litterae
444 2355 548 2386 etiam
587 2353 630 2384 ab
666 2354 908 2397 Peloponneso
951 2355 1079 2385 allatae
1114 2359 1219 2393 sunt,
1253 2354 1380 2397 quibus
1406 2354 1621 2387 incitabatur
1649 2359 1687 2386 ut

266 2412 342 2433 cnm
368 2399 477 2443 copiis
513 2399 677 2431 accedere
704 2405 911 2431 maturaret:
948 2401 1102 2431 Venetos
1129 2400 1221 2431 enim
1247 2411 1306 2431 eos
1333 2399 1521 2432 adventum
1547 2411 1686 2444 nequa-

266 2457 368 2490 quam
396 2451 650 2489 expectaturos.
679 2446 813 2477 litteras
840 2444 901 2476 has
929 2444 972 2476 ad
998 2457 1076 2477 eum
1102 2446 1248 2489 pertulit
1271 2446 1323 2476 vir
1350 2445 1492 2490 quidam
1517 2446 1684 2484 Albanus,

266 2493 326 2536 qui
352 2491 394 2523 ab
422 2490 590 2524 Corintho
617 2497 721 2524 noctu
751 2492 889 2523 solvens
915 2491 1042 2533 scapha
1080 2491 1217 2523 traiecit
1242 2502 1347 2530 mare,
1372 2491 1558 2524 observans
1581 2492 1686 2524 maris

266 2537 557 2581 tranquillitatem
599 2543 634 2569 et
664 2542 788 2569 ventos
820 2536 1015 2575 secundos,
1043 2541 1077 2568 et
1117 2537 1151 2568 in
1192 2538 1368 2569 Boeotiam
1403 2537 1554 2582 appulit.
1604 2536 1686 2569 hinc

266 2594 422 2625 egressus
447 2583 526 2615 navi
553 2584 651 2615 venit
675 2583 716 2614 ad
737 2582 990 2614 Machumetem
1017 2583 1052 2614 in
1072 2582 1296 2614 Thessaliam.
1345 2583 1584 2616 Machumetes
1609 2593 1686 2615 cum

267 2629 400 2660 litteras
426 2629 590 2672 legisset,
625 2629 662 2660 iu
701 2629 980 2672 Peloponnesum
1017 2629 1115 2660 abire
1140 2629 1271 2660 statuit.
1335 2629 1395 2661 ubi
1423 2629 1521 2661 venit
1544 2629 1582 2662 in
1609 2628 1686 2660 loca

267 2674 432 2706 Boeotiae
469 2675 687 2720 propinqua,
722 2675 868 2707 accessit
904 2674 1048 2707 nuntius
1087 2675 1148 2719 qui
1177 2674 1350 2708 referebat
1382 2675 1537 2709 Venetos
1562 2674 1685 2707 relicto
