1800 3172
295 215 387 259 108
606 218 822 260 LAONICI
872 218 1378 260 CHALCoCONDYLAF,

290 330 356 355 σιν
385 315 517 367 αὐτῆς
542 317 721 371 γένηται,
748 315 840 358 ἔστε
868 319 933 357 ἐπ’
961 316 1139 357 ὠκεανὸν
1172 314 1397 356 ἐλαύνοντα
1423 314 1493 356 τὸν
1521 312 1618 366 περὶ
1643 313 1718 361 τὰς

283 378 556 431 “Ηρακλειὀυς
595 378 772 434 στήλας,
811 379 912 422 ἔνθα
946 382 1123 421 ἐπύθετο
1159 380 1350 434 πορθμὸν
1375 380 1432 428 ὥς
1456 380 1719 432 βραχύτατον

291 444 485 495 διει’ργειν
522 441 596 496 τήν
622 459 664 484 τε
703 444 909 499 Εόραίπην
936 447 1009 486 καί
1034 445 1223 500 Λιβύην,
1253 441 1352 485 ὅθεν
1381 445 1424 492 ἐς
1450 442 1525 497 τὴν
1552 440 1719 495 Λιβύην

291 509 588 564 περαιουμένῳ,
625 509 696 550 καί
720 511 871 564 ταύτην
899 511 969 563 τῆς
998 511 1237 564 οἰκουμένης
1263 509 1414 564 μοῖράν
1445 508 1482 549 οἱ
1511 507 1719 560 ὖπαγομέ-

248 579 361 625 υνῳ,
388 571 451 610 ἐπ’
479 570 591 613 οἴκου
632 574 825 614 ἐντεῦθεν
865 576 1123 626 κομίζεσθαι.
1195 576 1327 615 ταῦτα
1354 576 1497 625 μέντοι
1532 569 1752 624 Τεμήρηςὸ

293 634 449 684 έπενόει
479 653 524 678 τε
549 638 710 692 μεγάλα
743 638 814 679 καί
839 641 879 688 ἐς
905 638 1034 692 τύχην
1068 637 1228 690 μᾶλλόν
1267 653 1330 679 τοι
1363 637 1442 679 ὑπὸ
1472 638 1579 677 θεοῦ·
1601 637 1720 676 δεδο-

291 701 416 752 μένην
444 701 690 756 ἀφορῶντα·
721 702 971 757 Παιαζήτης
1000 705 1046 745 δὲ
1076 699 1159 757 ἄρα
1187 704 1387 755 ἐλογίζετο
1417 699 1583 742 ἐπιόντα
1613 699 1720 751 ἀμύ-

293 767 463 817 νεσθαι,
505 765 586 807 οἷπὸ
611 783 655 809 τε
690 771 773 809 τῶν
810 770 999 808 παλαιῶν
1038 768 1399 818 συμβαλλόμενος,
1441 765 1721 814 ώςᾼοιῖδέποτε

292 832 362 882 τῆς
389 846 434 883 γε
462 830 666 886 Εὐρώπης
692 831 729 874 οἱ
760 835 834 886 τῆς
859 834 999 880 Ἀσίας
1018 836 1204 885 βασιλεῖς
1231 830 1273 872 ἐν
1303 836 1388 879 τοῖς
1410 827 1594 883 πρόσθεν
1620 827 1721 881 χρό-

293 909 377 942 νοις
393 899 666 949 περιγένοιντο
687 897 864 950 πώποτε,
886 895 990 937 α’λλά
1013 898 1085 937 καί
1103 895 1374 950 (ὁρμημένους
1392 894 1461 936 em*
1479 893 1552 948 τήν
1579 894 1722 936 Ἀσίαν
1738 905 1777 937 10

292 961 349 1014 τῷ
377 975 421 1000 τε
447 963 619 1012 βασιλεῖ
641 963 891 1018 α’φῃρῆσθαι
921 960 1019 1008 τούς
1046 963 1116 1014 τῆς
1142 961 1287 1008 Ἀσιάς
1315 960 1576 1013 ἡγουμένους.
1619 958 1721 998 ταῦ-

292 1040 342 1064 τα
367 1025 716 1079 διασκοπούμενος
755 1027 861 1080 μέγα
895 1042 939 1067 τε
973 1025 1153 1080 ἐφρόνει,
1181 1026 1252 1066 καί
1277 1021 1375 1080 ᾤετο
1401 1023 1446 1065 ἐν
1472 1027 1630 1078 βραχεῖ’
1651 1037 1721 1062 πο·

293 1090 402 1145 λέμφ
431 1085 519 1141 ἅμα
547 1091 820 1146 καθαιρήσειν
850 1090 926 1144 τὴν
959 1090 1156 1144 Τεμήρεω
1181 1088 1409 1142 βασιλείαν.

180 1156 281 1190 VL45
402 1154 600 1196 Ἐνταῦθα
632 1158 678 1196 δὲ
708 1158 906 1212 γενομένῳ
936 1170 1019 1210 μοι,
1065 1156 1137 1195 καί
1161 1154 1233 1207 τὴν
1260 1152 1331 1194 bnt*
1359 1151 1583 1207 Παιαζήτη
1609 1151 1723 1205 πρώ-

184 1225 218 1257 Ρ.
237 1224 279 1257 57
292 1234 362 1271 την
388 1234 430 1259 τε
470 1218 543 1260 καί
570 1222 765 1274 δευτέραν
793 1220 936 1261 ἔλασιν
968 1217 1160 1273 Τεμῆρεω
1209 1220 1411 1271 βασιλέως
1449 1216 1550 1259 κατὰ
1582 1218 1725 1257 τοῦτον
1740 1228 1780 1262 15

293 1281 367 1323 τὸν
391 1283 542 1338 χρόνον
579 1287 799 1338 γενομένην
841 1285 1199 1339 διασκοπουμένῳ,
1237 1281 1355 1339 ἐπῄει
1395 1282 1634 1335 λογίζεσθαι
1669 1277 1738 1328 ὥς

293 1345 364 1387 ἑπί
387 1350 495 1400 μέγα
524 1349 716 1404 ἀφίκοιτο
739 1348 952 1399 δυνάμεως
980 1347 1030 1388 τὰ
1060 1350 1140 1389 τῶν
1164 1347 1354 1400 Τούρκων
1383 1346 1616 1400 πράγματα,
1645 1361 1725 1386 πα-

293 1414 449 1464 ρέχοιτ’
486 1410 536 1454 ἂν
577 1416 636 1462 εἰς
674 1413 746 1467 την
773 1411 952 1466 ἑσπέραν
981 1413 1344 1467 ἀναστρέφεσθαι,
1371 1411 1428 1465 μὴ
1454 1407 1561 1452 οὕτω
1587 1425 1726 1464 παρα-

293 1480 438 1530 χρῆμα
465 1475 721 1526 ἐπιδιδόντος
751 1476 995 1519 ἀνεκόπτετο
1026 1475 1106 1518 ὑπὸ
1148 1476 1343 1530 Τεμήρεω
1373 1476 1590 1529 βασιλέως.
1632 1469 1725 1515 οὔτε

294 1539 370 1594 γὰρ
402 1539 454 1582 ἄν
481 1544 580 1596 δίχα
626 1545 843 1598 γενομένης
881 1546 952 1596 τῆς
997 1542 1212 1595 βασιλείας
1238 1541 1538 1592 Ὀτουμοινίδων
1560 1541 1632 1580 καί
1657 1538 1784 1581 ἐπίἳθ

296 1606 509 1661 διαφορὰν
545 1609 663 1663 σφίσι
710 1610 1021 1660 καθισταμένων
1061 1606 1280 1662 ἐφθείρετο
1328 1604 1397 1646 ὑπ’
1445 1604 1630 1660 α’λλὴλων
1671 1602 1723 1644 τὰ

392 1718 444 1751 18.
467 1715 533 1765 μὴ]
560 1719 593 1752 εἰ
612 1714 662 1765 μὴ
692 1718 720 1750 H
834 1717 887 1750 19.
917 1715 1012 1752 οὕτω
1039 1713 1113 1763 γὰρ
1140 1716 1274 1761 ἄνδιχα
1300 1716 1330 1748 Η

298 1828 374 1850 mus
401 1817 581 1861 explicari.
630 1818 788 1850 Temires
814 1818 934 1862 itaque
960 1819 1105 1862 arreptis
1143 1818 1247 1848 armis
1275 1821 1395 1849 contra
1419 1815 1618 1854 Paiazitem,
1645 1815 1725 1847 ani-

300 1875 357 1895 mo
388 1863 545 1906 agitabat
572 1864 646 1896 eius
673 1865 849 1906 regionem
879 1865 916 1896 in
943 1865 1024 1897 Asia
1052 1864 1103 1895 sui
1131 1863 1215 1895 iuris
1241 1863 1352 1894 facere
1380 1867 1416 1894 et
1438 1860 1566 1893 exinde
1595 1861 1631 1893 in
1657 1861 1726 1892 Eu—

302 1921 422 1954 ropam
445 1909 650 1952 transgredi.
699 1921 764 1942 nec
788 1910 883 1954 prius
909 1909 1080 1944 redeundi
1107 1914 1181 1941 erat
1204 1911 1340 1941 animus
1362 1919 1466 1952 quam
1495 1907 1624 1939 limites
1650 1907 1725 1939 eius

301 1956 485 2000 attigisset,
509 1955 768 2001 progrediendo
805 1967 915 2000 usque
941 1956 985 1988 ad
1009 1956 1187 1987 Oceanum
1205 1979 1214 1996 ,
1254 1954 1315 1999 qui
1349 1960 1401 1986 est
1428 1964 1537 1998 prope.
1568 1952 1726 1985 Herculis

301 2002 493 2034 columnas.
544 2002 592 2034 ibi
634 2003 726 2034 enim
765 2012 839 2034 esse
877 2003 1061 2035 traiectum
1096 2002 1198 2033 maris
1224 2001 1505 2044 angustissimum
1530 2004 1726 2043 acceperat,

301 2047 579 2090 distinguentem
608 2048 782 2093 Europam
807 2059 826 2079 a
862 2049 984 2091 Libya.
1046 2047 1128 2079 hinc
1167 2048 1272 2090 igitur
1308 2048 1344 2079 in
1370 2047 1519 2078 Africam
1545 2045 1727 2078 transmit-

301 2100 376 2127 tere
401 2094 614 2134 decreverat,
639 2107 707 2140 qua
734 2092 769 2127 in
794 2094 972 2127 dicionem
998 2099 1134 2138 recepta
1154 2093 1295 2125 domum
1321 2098 1392 2125 tum
1408 2091 1547 2124 demum
1572 2100 1725 2122 remeare

301 2146 483 2173 statuerat.
531 2141 617 2173 haec
644 2140 787 2186 quidem
813 2142 969 2174 Temires
998 2141 1114 2172 animo
1139 2139 1323 2172 volvebat:
1349 2149 1469 2170 verum
1495 2136 1726 2182 postulabant

302 2187 468 2219 maiorem
496 2187 671 2219 fortunam
701 2198 805 2232 quam
824 2188 956 2220 Temiri
985 2192 1003 2218 :i
1028 2185 1094 2218 deo
1125 2196 1289 2218 concessa
1317 2185 1419 2216 soret.
1450 2184 1616 2216 Paiazites
1641 2193 1722 2215 vero

301 2234 338 2265 in
363 2244 461 2277 spem
486 2238 621 2266 erectus
646 2240 731 2274 erat,
759 2245 794 2265 se
814 2234 918 2266 facile
942 2234 1114 2266 victurum
1136 2232 1312 2264 'I'emirem
1336 2230 1457 2262 hostili
1484 2229 1601 2261 animo
1626 2238 1725 2260 acce-

303 2279 457 2311 dentem.
509 2290 604 2323 spem
633 2282 732 2312 istam
759 2280 910 2312 faciebat
949 2280 1163 2317 coniectura,
1189 2289 1293 2322 quam
1319 2277 1361 2309 ab
1395 2276 1549 2320 antiquis
1574 2273 1726 2307 ducebat

305 2325 534 2370 temporibus,
558 2337 648 2370 quae
673 2326 903 2358 confirmabat
920 2325 1066 2358 Asianos
1094 2335 1190 2367 reges
1216 2334 1396 2368 nunquam
1424 2322 1578 2367 quivisse
1602 2319 1727 2352 devin-

304 2383 382 2404 cere
409 2371 600 2416 Europam,
641 2383 761 2405 verum
789 2373 946 2416 Europae
986 2371 1145 2403 homines
1177 2371 1210 2402 in
1243 2371 1354 2402 Asiam
1387 2378 1586 2413 progressos
1611 2376 1725 2409 regem

305 2419 374 2450 suis
401 2418 655 2463 principatibus
681 2419 860 2462 spoliasse.
890 2419 976 2450 haec
1000 2418 1117 2449 auimo
1144 2427 1259 2448 secum
1287 2426 1427 2448 versans
1453 2414 1615 2456 ingentes
1639 2422 1727 2444 con«

305 2464 459 2508 cipiebat
485 2465 640 2510 spiritus,
665 2469 830 2510 tanquam
846 2463 1049 2497 brevissimo
1070 2462 1166 2495 bello
1186 2463 1291 2495 etiam
1308 2461 1458 2495 Temiris
1482 2469 1626 2503 regnum
1653 2457 1727 2490 dis-

306 2512 472 2542 iecturus.

399 2557 484 2588 Cum
510 2556 577 2589 buc
603 2567 710 2602 usque
738 2557 906 2588 sermonis
936 2555 1026 2587 serie
1063 2555 1126 2586 sim
1155 2558 1308 2593 tractus,
1333 2552 1557 2595 cogitemque
1584 2550 1727 2595 primam

308 2607 344 2634 et
367 2602 555 2635 secundam
579 2603 728 2636 Temiris
763 2602 850 2644 regis
879 2600 1160 2646 expeditionem,
1201 2611 1266 2632 nec
1309 2610 1381 2631 non
1411 2598 1500 2630 mala
1540 2607 1630 2642 quae
1655 2595 1729 2627 istis

307 2649 526 2692 temporibus
552 2651 741 2694 contigere,
769 2648 934 2692 cogitatio
959 2646 1054 2679 subit
1079 2647 1271 2678 Tui-eornm
1301 2656 1352 2677 res
1378 2642 1586 2676 incredibile
1613 2643 1728 2674 inere-

303 2701 458 2727 mentum
485 2707 662 2728 assumere
697 2696 878 2740 potuisse,
907 2694 935 2726 si
961 2703 1079 2728 versus
1105 2691 1331 2724 Occidentem
1370 2691 1419 2722 ire
1451 2690 1632 2734 cupientes
1659 2698 1729 2718 nou

307 2740 450 2775 inhibiti
472 2741 620 2775 fuissent
644 2753 663 2774 a
693 2754 770 2786 rege
789 2741 944 2775 'semitm
994 2750 1058 2772 nec
1088 2738 1194 2779 enim,
1222 2739 1248 2771 si
1274 2737 1451 2770 seditione
1481 2745 1620 2779 regnum
1641 2733 1730 2765 Oto-
