1884 3178
339 584 972 647 IMMANUELIS
1039 582 1480 643 BEKKERI

584 714 620 759 P
658 713 694 759 R
733 711 765 757 A
803 711 838 758 E
872 712 903 757 F
939 710 975 756 A
1012 711 1096 756 Tl
1135 710 1192 757 O.

168 939 428 1001 Laonicus
444 949 858 1013 Chalcocondylas
885 958 938 996 ut
969 949 1238 1012 argumenti
1273 948 1513 1010 peregrini
1552 965 1639 994 co-

168 1040 251 1103 pia
285 1048 332 1085 et
366 1039 595 1086 varietate
631 1036 694 1084 ad
728 1036 989 1101 legendum
1020 1037 1184 1097 allicit,
1216 1037 1280 1082 ita
1315 1037 1442 1082 lectu
1477 1037 1638 1100 ingra-

168 1130 246 1169 tus
280 1130 371 1179 est,
418 1119 682 1167 emendatu
727 1117 951 1166 difficilis.
1032 1119 1108 1165 cui
1146 1135 1256 1165 cum
1293 1120 1459 1165 liceret
1494 1120 1637 1182 plane

171 1212 219 1250 et
247 1203 460 1251 dilucide
493 1203 657 1267 loqui,
693 1218 854 1266 eoque
890 1202 958 1248 uti
996 1218 1223 1248 sermone
1260 1219 1360 1265 quo
1399 1203 1555 1248 Ducas
1591 1211 1640 1248 et

168 1286 428 1334 Phrantzes
462 1287 534 1333 usi
571 1286 758 1333 etiamsi
795 1302 896 1332 non
933 1284 1177 1331 delectant
1207 1294 1254 1330 at
1289 1285 1639 1347 intelliguntur,

172 1369 341 1415 maluit
373 1368 676 1416 Herodotum
714 1368 961 1414 aemulari.
1042 1368 1208 1431 itaque
1243 1367 1361 1414 dum
1398 1367 1637 1414 lunonem

174 1460 350 1516 captat,
378 1468 405 1498 a
440 1451 570 1497 nube
607 1449 731 1497 adeo
768 1450 1010 1513 decipitur
1028 1459 1082 1496 ut
1111 1466 1254 1512 saepe
1293 1466 1353 1495 ne
1389 1450 1491 1513 ipse
1528 1451 1642 1512 qui-

173 1533 286 1580 dem
323 1532 445 1596 quid
489 1532 653 1579 dicere
688 1533 802 1579 velit
852 1549 993 1578 nosse
1035 1532 1272 1579 videatur.
1346 1532 1467 1595 quid
1504 1532 1642 1595 quod

170 1615 333 1662 multis
368 1616 419 1661 in
454 1615 598 1675 locis,
635 1614 947 1660 eluctantium
992 1615 1252 1661 verborum
1291 1631 1465 1678 parum
1503 1632 1642 1662 com-

169 1714 261 1761 pos
295 1706 442 1761 atque
477 1696 660 1744 iudicio
709 1713 796 1743 suo
842 1695 1095 1758 diffidens,
1130 1714 1279 1743 unam
1330 1697 1641 1761 eandemque

168 1797 272 1827 rem
305 1781 435 1827 binis
468 1780 678 1827 ternisve
722 1779 886 1826 modis
926 1797 1027 1826 non
1063 1789 1162 1826 tam
1201 1780 1338 1826 effert
1374 1798 1521 1844 quam
1555 1798 1641 1827 co-

171 1872 313 1911 natur
355 1872 403 1910 et
441 1863 686 1926 experitur
725 1863 931 1908 efferre?
1011 1863 1190 1909 talibus
1238 1864 1358 1909 locis
1404 1863 1526 1927 quid
1572 1865 1643 1911 vis

169 1945 325 1993 facere
361 1946 623 1993 criticum?
693 1961 908 2009 quemne
952 1946 1161 2009 scriptor
1197 1945 1435 2010 defugerit
1466 1963 1641 1993 vocum

171 2037 219 2075 et
262 2029 568 2076 locutionum
613 2028 885 2090 delectum,
938 2045 1049 2075 eum
1094 2028 1156 2075 ad
1195 2045 1334 2075 suum
1384 2030 1639 2076 arbitrium

169 2110 529 2175 libidinemque
559 2112 812 2158 instituati’
881 2110 1036 2158 audax
1068 2112 1252 2158 facinus
1285 2129 1375 2158 nec
1410 2113 1639 2175 cuiquam

170 2193 306 2240 facile
350 2195 656 2257 placiturum.
694 2194 938 2257 relinquat
968 2195 1135 2257 igitur,
1172 2195 1334 2257 qualia
1374 2196 1643 2258 acceperit,

170 2285 398 2340 congesta
428 2276 603 2323 eodem
654 2294 757 2323 non
792 2278 920 2322 bene
968 2277 1240 2323 iunctarum
1285 2277 1531 2323 discordia
1564 2294 1641 2324 se-

170 2359 303 2406 mina
337 2360 537 2406 rerumi)
605 2360 852 2423 relinquet
885 2377 1001 2406 sane
1033 2359 1354 2423 taediumque
1392 2361 1525 2406 seret.

308 2440 460 2500 Quod
491 2450 607 2488 'non
636 2442 747 2488 tulit
796 2443 844 2489 b.
891 2443 1199 2489 Hamakerus.
1286 2444 1326 2488 is
1362 2443 1490 2488 enim
1528 2459 1641 2490 cum

171 2533 376 2587 propter
410 2525 667 2588 insignem,
715 2542 812 2588 qua
843 2526 1122 2586 excellebat,
1156 2526 1423 2571 litterarum
1464 2525 1643 2572 Orien-

171 2606 341 2652 talium
376 2607 626 2654 scientiam
664 2609 873 2655 maxime
922 2609 1143 2654 omniun]
1190 2609 1445 2654 annalibus
1474 2608 1643 2654 Turci-

177 2689 244 2735 cis
290 2688 492 2736 edendis
540 2700 587 2737 et
637 2690 931 2738 illustrandis
980 2691 1188 2736 idoneus
1235 2707 1334 2737 csse
1381 2690 1643 2752 videretur,

177 2772 490 2818 commissum
520 2774 611 2821 sibi
649 2791 675 2820 a
719 2774 986 2822 Niebuhrio
1024 2773 1289 2819 Laonicum
1326 2791 1427 2820 non
1464 2774 1642 2820 invitus
