1800 3172
247 190 267 230 1
276 188 337 230 28
555 189 773 230 LAONlCl
818 190 1323 234 CHALCOCONDYLAE

241 291 285 330 δὲ
315 289 385 330 ἐπὶ
410 290 504 328 νοῦν
528 289 761 340 τιθέμενον,
788 292 860 330 καί
885 290 938 337 ὥς
969 289 1136 346 Δαρείῳ
1167 291 1224 344 τῷ
1247 289 1480 332 ’Υστάσπεω
1507 294 1678 343 βασιλεῖ’

136 355 439 409 Ρ.68γενομε’νῳ
461 354 639 406 Περσῶν
655 354 727 393 καί
755 354 1119 407 ἐπιστρατεύσαντι
1147 355 1300 401 αὐτους
1329 356 1448 396 ου’δέν
1474 371 1513 396 τι
1545 371 1673 409 προυο

237 420 450 473 χώρησεν,
495 414 662 471 ὥρμητο
691 419 814 465 αῦτὸς
855 419 925 460 ἐπὶ
950 421 1070 460 τοῦτο
1103 421 1148 460 τὸ
1180 421 1292 466 κλέος
1321 420 1438 460 ἰέναι.
1495 417 1599 462 ὥστε
1627 423 1674 462 δὲ

238 484 354 540 αὐτῷ
391 482 571 535 ἔχεσθαί
591 498 635 524 τε
673 486 750 523 τοῦ
786 482 907 535 ἔργου
941 482 1148 535 ἐγγυτέρω
1175 482 1331 524 τούτων
1358 485 1600 537 γενόμενον,
1630 483 1673 533 ἐς

238 547 311 602 τὴν
341 546 484 600 χώραν
514 550 671 601 Χεριήν
702 547 822 588 πόλιν
851 547 1119 601 κατοικήσας,
1150 547 1229 588 dud
1260 564 1303 590 τε
1331 551 1400 602 τῆς
1428 549 1704 603 Σεμαρχάν-5

238 616 310 666 ὃης
340 615 410 654 καί
450 615 712 666 στρατιωτῶν
740 615 812 653 καί
851 615 931 654 ταῖν
969 612 1149 666 ἀρίστων
1179 615 1291 669 αὐτῷ
1327 615 1606 666 στελλομένων
1630 613 1673 663 ἐς

237 679 310 732 τὴν
340 678 544 730 ἀποικίαν,
573 673 695 733 ᾤκισε
724 677 844 718 πόλιν
875 680 1033 731 Χερίην
1062 675 1170 718 οὕτω
1201 681 1464 732 καλουμένην,
1493 678 1675 733 μεγάλην

239 760 283 785 τε
311 747 382 784 καί
410 743 639 795 εὐδαίμονα
673 741 743 783 ὅτε
770 745 843 784 τοῦ
857 745 1061 794 βασιλέως
1090 742 1133 783 ἐν
1163 743 1269 798 αὐτῇ
1298 745 1579 795 διατρίβοντος
1604 745 1676 785 καί

242 812 323 850 τῶν
353 806 532 860 ἀρίστων
579 808 711 848 αὐτοῦ
730 837 742 856 ,
783 809 866 847 τῶν
895 823 938 848 τε
964 810 1035 859 τῆς
1061 809 1202 855 Ἀσιάς
1243 810 1431 859 στρατῶν
1470 807 1512 856 ἐς
1542 807 1674 862 αὕτὴν

241 872 475 916 συνιόντων.
531 872 689 924 μεγάλη
718 887 761 912 τε
790 870 834 912 ἐν
862 875 1018 933 βραχεῖ
1041 870 1195 924 ἐγένετο
1227 870 1250 924 ἦ
1281 874 1429 926 Χεριή,
1458 873 1527 914 καί
1555 874 1730 923 nivo-10

241 937 356 991 μὴθη
386 941 523 989 μέντοι
552 939 622 977 καί
649 934 848 994 ὕστερον,
882 937 960 988 οιῗχ
990 933 1138 988 ἥκιστα
1169 938 1213 978 δὲ
1240 940 1442 988 βασιλέως
1479 937 1674 990 Τεμὴρεω

203 1003 468 1056 Βπεριόντος.
539 999 631 1042 ὅποι
669 1004 745 1054 μὲν
775 997 849 1042 οὖν
877 1003 948 1053 τῆς
982 1001 1126 1048 Ἀσίας
1154 996 1327 1057 ᾤκισται
1364 999 1387 1054 ἢ
1418 1002 1534 1051 πόλις
1556 999 1676 1055 αὕτη,

241 1070 312 1109 καί
339 1067 419 1108 εἴτε
458 1065 502 1107 ἐν
530 1068 578 1122 τῇ
620 1068 818 1122 Ἀσσυρίᾳ
862 1067 980 1122 χώρᾳ
1022 1064 1101 1106 εἴτε
1129 1069 1200 1107 καί
1227 1065 1270 1106 ἐν
1298 1069 1350 1122 τῇ
1378 1066 1570 1122 Μήδων,
1599 1067 1674 1107 οὐκ

242 1131 327 1186 ἔχω
358 1130 661 1185 τεκμήρασθαι.
733 1133 897 1183 λέγουσι
923 1133 1000 1182 μέν
1028 1146 1134 1178 τινες
1167 1135 1293 1173 Νῖνον
1322 1130 1393 1183 την
1420 1133 1578 1186 Χεριήν
1605 1147 1677 1184 γε-

243 1201 392 1239 νέσθαι
431 1196 475 1237 τό
520 1195 698 1237 παλαιὸν
740 1196 813 1236 καί
848 1195 888 1244 ἐς
924 1194 995 1248 τὴν
1030 1196 1263 1249 Ἀσσυρίων
1288 1196 1433 1250 χώραν
1461 1197 1733 1252 τετάχθαι,15

242 1259 554 1314 τεκμαιρόμενοι
586 1263 706 1302 τοῦτό
736 1260 815 1301 α’πό
864 1262 937 1313 τῆς
969 1261 1234 1315 Παγὸ“ατι’νης
1259 1264 1524 1312 Βαβυλῶνος.
1579 1263 1678 1303 οἰκί.

244 1342 320 1373 σας
353 1328 397 1367 δὲ
425 1328 584 1380 Χεριήν
610 1323 728 1366 πόλιν
747 1359 758 1377 ,
789 1325 858 1366 καί
887 1324 937 1365 τα
967 1325 1161 1377 βασίλεια
1188 1324 1231 1366 ἐν
1259 1326 1370 1381 αὐτῇ
1397 1325 1681 1380 ποιησάμενος,

245 1391 400 1433 ἐπενόει
449 1389 516 1431 ἐπὶ
544 1390 761 1443 Αἴγυπτόν
787 1405 829 1431 τε
871 1389 941 1430 καί
970 1390 1039 1431 ἐπί
1081 1391 1246 1438 Σκύθας
1283 1389 1586 1442 στρατεύεσθαι
1612 1393 1684 1432 καί

247 1457 321 1510 την
346 1457 499 1497 τούτων
543 1455 700 1509 οἷγοραν
733 1455 903 1510 Ου’ρδοὲν
928 1460 1208 1509 καλουμένην,
1251 1456 1322 1496 καί
1349 1455 1526 1509 στρατὸν
1549 1458 1682 1510 μέγαν

131 1528 234 1565 v.54
247 1522 497 1574 συναγείρας
525 1520 596 1562 καί
622 1520 719 1568 τούς
747 1522 967 1568 Χαταΐδας
995 1519 1336 1573 συμπαραλαβών
1367 1518 1540 1574 ἤλαυνεν
1570 1519 1675 1562 εΰθύ
1691 1539 1735 1572 20

252 1586 464 1634 Τανάϊδος.
521 1585 706 1627 ἐνταῦθα
738 1584 967 1637 πυθόμενοι
995 1585 1158 1626 Σκύθαι
1199 1586 1366 1639 Τεμήρη
1407 1588 1582 1638 βασιλέα
1611 1585 1680 1626 ἐπὶ

207 1654 358 1706 Οσφᾶς
399 1649 566 1691 ἐπιόντα
608 1650 766 1707 μεγάλῃ
813 1652 1063 1705 παρασκευῇ,
1095 1650 1166 1703 τήν
1206 1666 1248 1690 τε
1299 1649 1458 1691 εἴσοδον
1497 1649 1680 1702 ἔπεμπον

247 1716 488 1771 στράτευμα
519 1717 964 1769 προκαταληψομένους
989 1717 1070 1756 τῶν
1089 1714 1232 1769 ὀρέων,
1262 1711 1290 1771 ᾖ
1318 1713 1459 1766 ἔμελλε
1491 1714 1679 1770 Τεμήρης

343 1819 396 1852 12.
421 1819 626 1865 περιιόντος
652 1819 674 1851 Ρ

248 1910 302 1941 isti
328 1910 422 1952 genti
449 1909 682 1949 inferentem,
718 1909 811 1941 nibil
848 1909 1028 1948 eisecisse‚
1075 1909 1149 1952 ipse
1175 1910 1242 1941 sibi
1284 1909 1350 1942 boc
1378 1910 1484 1943 decus
1509 1911 1675 1944 eximium

247 1960 368 1999 petere
397 1957 531 1988 statuit.
582 1961 621 1987 ut
644 1956 745 1987 istam
770 1966 853 1987 vero
883 1966 952 1986 rem
992 1954 1036 1986 ad
1076 1961 1235 1999 optatum
1261 1955 1405 1988 duceret
1427 1957 1551 1997 finem,
1580 1959 1675 2002 opti·

249 2012 341 2033 mum
368 2012 442 2033 esse
461 2007 552 2033 ratus
578 2007 616 2034 ut
640 2012 742 2045 quam
770 2001 926 2045 proxime
950 2000 994 2032 ad
1023 2002 1117 2045 ipsos
1141 2002 1340 2042 accederet,
1369 2003 1404 2035 in
1434 2003 1595 2036 Cheriarn
1613 2015 1676 2036 ur-

249 2047 326 2079 bem
353 2047 528 2079 coloniam
555 2047 681 2079 ducere
712 2047 880 2084 decrevit,
908 2048 1120 2079 transferens
1158 2059 1198 2080 eo
1224 2049 1352 2080 milites
1377 2050 1535 2093 aliosque
1561 2049 1676 2082 homi-

247 2105 309 2127 nes
337 2094 506 2137 plurimos
534 2104 577 2125 ex
605 2093 876 2125 Semarchanda.
926 2093 1012 2132 huc,
1038 2099 1077 2126 ut
1106 2094 1193 2137 regis
1220 2095 1429 2127 sententiam
1455 2095 1674 2135 intellexere,

248 2145 487 2172 convenerunt
511 2144 547 2172 et
571 2139 632 2171 alii
677 2140 817 2183 plurimi
847 2150 1005 2182 proceres
1042 2140 1149 2182 regni.
1197 2151 1273 2171 cum
1299 2146 1414 2173 autem
1446 2141 1522 2185 ipse
1546 2143 1582 2174 in
1615 2153 1675 2174 ea·

247 2186 326 2218 ‹lem
358 2186 444 2218 urbe
484 2191 702 2225 versaretur,
742 2186 930 2229 optimates
969 2186 1142 2229 Asiaeque
1180 2187 1309 2218 milites
1337 2188 1459 2230 optimi
1491 2186 1675 2232 adipsum

247 2232 410 2276 quotidie
445 2231 682 2264 confluebant.
743 2231 826 2262 hine
866 2231 946 2262 urbs
983 2231 1045 2263 illa
1070 2231 1165 2264 brevi
1199 2233 1457 2265 incredibiliter
1482 2239 1585 2266 aucta
1611 2240 1674 2266 est.

248 2279 354 2311 etiam
392 2278 496 2311 bonis
534 2283 570 2310 et
603 2277 843 2309 saluberrimis
879 2277 1016 2319 legibus
1043 2277 1321 2320 gubernabatur,
1346 2281 1535 2322 superstite
1559 2278 1675 2312 adhuc

246 2325 400 2357 Temire.
450 2325 486 2356 in
511 2334 579 2368 qua
604 2329 721 2356 autem
746 2324 850 2355 Asiae
883 2328 981 2366 parte
1012 2323 1093 2356 urbs
1119 2335 1157 2356 ea
1183 2324 1246 2356 sita
1273 2326 1338 2362 sit,
1365 2326 1401 2357 in
1426 2325 1603 2367 Syriorum
1629 2337 1675 2359 an

247 2371 283 2403 in
309 2370 491 2403 Medorum
518 2370 671 2413 regione,
696 2370 833 2413 assequi
861 2379 1010 2412 nequeo.
1060 2375 1141 2401 sunt
1173 2371 1232 2412 qui
1261 2370 1400 2403 tradant
1423 2372 1552 2404 Ninum
1579 2373 1674 2404 anti-

246 2418 368 2460 quitus
393 2417 555 2449 Cinariam
581 2416 737 2449 extitisse
762 2421 798 2447 et
824 2415 859 2447 in
883 2415 1100 2456 Assyriorum
1127 2417 1266 2457 regione
1294 2418 1441 2449 locatam
1469 2428 1558 2458 esse,
1585 2429 1676 2450 con-

246 2464 414 2495 iecturam
443 2463 612 2495 facientes
636 2473 655 2493 a
683 2460 871 2504 Pagdatina
910 2461 1100 2503 Babylone.
1160 2462 1317 2495 'l‘emires
1355 2469 1392 2496 ut
1435 2464 1555 2496 urbem
1579 2463 1674 2497 Che-

247 2512 330 2541 riam
360 2508 616 2541 habitatoribus
641 2508 802 2552 replevit,
827 2513 863 2540 et
887 2507 922 2538 in
949 2518 988 2538 ea
1015 2508 1110 2550 regni
1138 2509 1191 2539 sui
1217 2508 1334 2541 sedem
1363 2511 1509 2552 paravit,
1537 2510 1573 2542 in
1597 2510 1676 2542 ani-

246 2567 339 2587 mum
368 2555 507 2587 induxit
531 2554 663 2587 bellum
690 2554 820 2586 inferre
847 2554 1004 2596 Aegypto
1029 2553 1165 2595 Scythis
1193 2560 1227 2586 et
1255 2554 1375 2586 horum
1398 2557 1541 2598 Agorae,
1569 2566 1673 2599 quam

246 2601 370 2634 Urdam
402 2606 619 2644 nuncupant.
679 2600 878 2643 conscripto
913 2600 1017 2642 igitur
1055 2601 1211 2632 exercitu
1239 2602 1400 2640 maximo,
1426 2609 1462 2634 et
1485 2602 1672 2646 assumptis

245 2647 437 2686 Chataidis‚
467 2653 559 2679 recta
598 2646 641 2678 ad
665 2647 811 2678 Tanaim
837 2645 1030 2678 contendit.
1082 2646 1231 2688 Scythae
1258 2652 1295 2679 ut
1319 2653 1529 2691 acceperunt
1551 2647 1672 2684 Tomi-

246 2705 317 2726 rem
344 2705 420 2726 cum
441 2694 551 2738 copiis
577 2691 754 2733 accedere,
781 2697 818 2725 ut
844 2691 1016 2724 montium
1047 2693 1234 2735 angustias,
1262 2704 1330 2737 qua
1354 2694 1509 2727 Temires
1535 2695 1673 2726 exerci-
