1774 3204
213 179 307 225 286
539 180 756 222 LAONICI
796 179 1305 223 CHALCOCONDYLAE

212 278 501 331 α’μυνούμενοι,
526 277 596 318 καί
617 278 698 317 α’πὸ
721 281 794 318 τοῦ
816 281 978 329 τείχους
994 275 1194 330 ἐμάχοντο
1212 277 1316 331 πρὸς
1333 277 1642 326 τούςἸανυὶόυς

211 343 336 392 ἄξι’ως
364 343 509 395 λόγου·
549 345 620 383 καί
649 343 705 390 ὥς
727 345 980 398 προσέβαλον
1008 346 1061 398 τῷ
1086 346 1214 395 τείχει
1237 342 1317 383 α’πὸ
1345 344 1427 384 ταῖν
1444 346 1544 385 νεῶν
1573 346 1644 385 καί

211 408 434 459 ἐπειρῶντο
455 409 571 461 ἑλεῖν,
591 409 665 447 ου’ν.
685 407 892 460 ἠδύναντο
911 409 1101 460 ἐπιβῆναι
1131 409 1208 447 τοῦ
1229 409 1404 461 τείχους,
1435 409 1643 459 ἀμυνομέ-

211 486 292 511 νων
318 470 610 524 τῶνἙλλήνων
639 470 743 512 κατὰ
767 470 811 512 τὸ
831 469 1041 524 καρτερόν.
1063 470 1256 523 ἐνταῦθα,
1286 472 1341 518 ὥς
1359 472 1482 513 οὐδὲν
1503 473 1644 520 αὐτοῖς

212 534 454 588 προεχώρει,
487 535 703 589 διὲστησάν
729 551 773 576 τε
801 536 871 576 καί
907 536 1107 576 ἀπέπλεον
1133 534 1203 576 ἐπὶ
1226 537 1415 584 Ἰταλίας.
1449 536 1474 590 ἧ
1503 538 1676 588 μέντοι5

212 597 331 646 πόλις
356 602 437 640 τῶν
464 601 646 642 Ἰανυΐων
676 600 901 654 ἧΓαλατιή
922 602 1108 651 ἐπολέμει
1130 599 1199 641 ἐπὶ
1214 600 1367 652 συχνόν
1380 616 1470 642 τινα
1497 599 1644 655 χρόνον

213 666 272 719 τῷ
300 666 532 720 Βυζαντίῳ,
562 665 634 705 καί
660 663 902 718 τηλεβόλους
938 664 979 714 ἐξ
1009 663 1198 717 α’λλήλων
1227 667 1268 705 οῗ
1295 679 1339 705 τε
1359 662 1549 718 ’Έλληνες
1575 664 1647 705 καί

214 727 252 770 οἱ
277 730 322 769 ἐκ
350 730 422 768 τοῦ
449 728 639 770 Γαλάτου
669 732 873 781 ἐνέβαλον,
903 727 1022 770 ὁπότε
1051 731 1122 769 καί
1152 726 1173 768 ὅ
1195 729 1435 782 Λεοντάρης
1461 729 1646 782 Ἰωάννης

171 795 271 850 1)τῴ
297 793 422 846 τείχει
452 796 522 846 τῆς
551 796 762 841 Γαλατίας
790 795 983 848 σφοδρῶς
1010 793 1263 835 ἐπεισπεσὼν
1293 794 1509 836 α’πὲκλεισε
1538 793 1645 835 ταύ-

213 874 297 911 την,
325 861 595 912 στερηθεῖσαν
625 858 776 906 παντὸς
803 859 1010 912 τροφίμου
1043 858 1114 898 καί
1133 860 1213 899 τῶν
1243 855 1393 899 ἄλλων.
1452 858 1523 898 καί
1547 861 1643 898 πολ-
1660 871 1702 904 10

78 927 118 959 V.
138 926 202 960 119
215 922 310 970 λοὺς
341 925 422 963 τῶν
463 922 543 962 α’πὸ
573 925 655 964 τῶν
686 926 792 976 νηῶν
822 925 902 963 τῶν
932 919 1117 964 Ἰανυΐων
1147 922 1389 974 ἐπιδραμών
1418 917 1537 970 οὗτος
1566 938 1646 963 κα·-

214 989 344 1040 τέσχε,
375 990 446 1027 καί
472 990 567 1038 μεθ’
593 987 783 1028 ἁλύσεων
800 990 857 1043 τῷ
879 991 1050 1039 βασιλεῖ’
1070 988 1232 1042 Ἰωάννῃ
1265 982 1350 1029 ὄντι
1375 987 1418 1028 ἐν
1443 990 1501 1042 τῷ
1532 985 1647 1040 οἰκή-

213 1068 316 1104 ματι
348 1054 424 1092 τοῦ
451 1051 596 1097 Ξυλλᾶ
625 1054 920 1104 προσεκόμισεν
961 1050 1062 1092 &osi
1094 1055 1374 1106 τριακοσίους,
1407 1051 1648 1106 προσευρών

213 1115 382 1164 τούτους
409 1118 452 1156 ἑν
480 1120 535 1171 τῷ
562 1116 718 1169 χάρακι
746 1118 818 1156 τοῦ
847 1117 1049 1156 Γαλάτου.
1081 1115 1184 1167 μετά
1214 1119 1343 1158 ταῦτα
1375 1119 1646 1169 διαπρεσβευ-

212 1179 384 1232 σάμενοι
417 1180 520 1234 πρὸς
545 1179 747 1233 ἀλλήλους
775 1183 871 1234 περί
889 1195 932 1220 τε
960 1182 1039 1221 τῶν
1072 1179 1151 1229 ἔξω
1180 1181 1374 1231 ἀμπέλων
1404 1184 1477 1222 τοῦ
1507 1183 1646 1222 Γαλά·
1663 1192 1704 1225 15

213 1260 286 1286 που
316 1248 389 1286 καί
424 1248 520 1297 περί
546 1247 627 1286 τῶν
670 1245 926 1299 κουμερκι’ων
966 1246 1135 1297 αὐτῶν,
1179 1243 1288 1294 ὅπως
1316 1247 1599 1302 συγκατατεθῇ
1628 1242 1649 1286 ὃ

213 1309 424 1363 βασιλεύς,
456 1313 786 1361 συγκατένευσαν
813 1310 850 1351 οὶ
877 1310 1057 1362 Ἰανυΐοι,
1085 1311 1414 1364 α’ποχαρίσαντες
1439 1312 1512 1351 κατ’
1536 1313 1648 1362 μᾶλ-

219 1378 289 1414 λον
316 1377 372 1430 τῷ
399 1379 572 1426 βασιλεῖ’
604 1390 832 1427 χρυσινους
866 1377 1028 1427 χιλιόυς
1076 1377 1237 1429 φθορᾶς
1280 1374 1396 1416 ἑνεκα
1426 1378 1502 1416 τοῦ
1528 1376 1573 1416 ἐν
1600 1377 1652 1430 τῇ

87 1442 410 1494 P.102ssaoc)1xq
441 1440 634 1492 πύογου,
679 1454 737 1486 εις
780 1437 826 1480 ὃν
863 1439 900 1480 οἱ
942 1442 1104 1480 Ἰανυΐοι
1139 1440 1371 1493 τηιεβόλοις
1409 1438 1650 1494 ἐχρήσαντο,

219 1519 287 1544 και
316 1506 395 1544 τῶν
436 1502 507 1557 ἑο)
511 1506 715 1558 αοτηρίων
748 1506 826 1546 τῶν
864 1507 907 1545 ἐν
937 1507 985 1559 τῇ
1013 1508 1139 1561 μέσῃ,
1174 1507 1215 1552 ἐξ
1254 1507 1312 1545 ών
1341 1504 1709 1560 ἑχαλάσθν]σαν,20

220 1570 291 1609 καί
317 1567 391 1622 τήν
422 1569 604 1623 σημαίαν
633 1568 768 1622 αἱρειν
793 1571 869 1610 τοῦ
897 1572 1101 1622 βασιλέως
1123 1568 1335 1622 Ἑλλήνων.

314 1689 348 1724 8.
373 1689 452 1734 τοῦ]
479 1692 553 1724 τῶν
578 1689 636 1722 ΓιΤ
755 1688 809 1721 14.
835 1689 915 1736 τοῦ]
942 1691 1016 1725 τῶν
1040 1692 1066 1722 R

227 1811 473 1855 expugnaturi.
532 1816 569 1843 at
600 1812 758 1853 Byzantii
784 1812 995 1845 resistebant
1020 1813 1179 1851 fortiter,
1204 1818 1240 1845 et
1264 1823 1306 1844 ex
1331 1823 1427 1845 muro
1453 1813 1490 1846 in
1514 1813 1654 1846 hostem

226 1857 434 1901 pugnabant
458 1867 580 1900 magna
605 1859 725 1900 gloria.
751 1859 939 1891 Ianuenses
963 1870 1039 1891 cum
1067 1864 1280 1891 conarentur
1297 1869 1339 1890 ex
1357 1858 1506 1891 navibus
1529 1870 1655 1892 ascen-

228 1903 311 1936 dere
337 1904 373 1935 iu
398 1904 550 1942 moenia,
575 1903 666 1935 nihil
699 1903 918 1937 efficiebant:
954 1906 1107 1947 Byzantii
1134 1906 1225 1937 enim
1250 1905 1368 1938 hostes
1400 1915 1522 1950 magna
1550 1905 1654 1938 sorti-

230 1949 354 1983 tudine
380 1949 614 2002 repellebant.
665 1961 740 1982 cum
763 1950 871 1993 igitur
897 1957 1021 1996 coepta
1051 1962 1172 1995 parum
1199 1951 1436 1991 succederent,
1462 1961 1655 1996 omnesque

228 2000 375 2028 conatus
410 1996 498 2027 irriti
535 1995 717 2035 caderent,
756 1997 792 2028 in
829 1996 1083 2029 dissensionem
1118 1997 1260 2029 adducti
1288 1997 1423 2030 rediere
1448 1997 1484 2030 in
1504 1996 1654 2030 Italiam.

227 2053 348 2074 verum
374 2041 514 2074 Galatia
540 2042 762 2074 Ianuensium
788 2042 869 2075 urbs
897 2044 1001 2086 longo
1030 2048 1188 2087 tempore
1213 2043 1346 2075 bellum
1370 2043 1477 2086 gessit
1500 2053 1576 2075 cum
1590 2044 1658 2085 By-

228 2089 365 2127 zantiis,
392 2098 468 2120 cum
496 2088 663 2131 utrinque
689 2094 757 2120 tam
785 2090 940 2130 Byzantii
970 2100 1073 2134 quam
1100 2089 1247 2122 Galatae
1273 2088 1474 2120 bombardis
1498 2099 1570 2121 rem
1597 2100 1657 2132 ge-

230 2139 359 2167 rerent
406 2139 443 2166 at
471 2133 662 2166 Leontares
698 2135 847 2166 loannes
874 2146 997 2178 magno
1031 2136 1163 2179 impetu
1195 2135 1231 2166 in
1258 2134 1420 2166 Galatiae
1444 2136 1583 2167 moenia
1607 2136 1657 2167 ir-

231 2191 346 2219 ruens,
372 2190 447 2211 eam
477 2179 635 2223 undique
661 2181 760 2223 quasi
784 2180 949 2223 indagine
975 2182 1120 2213 cinctam
1147 2181 1240 2212 omni
1269 2185 1464 2212 commeatu
1491 2181 1658 2225 reliquis-

231 2238 300 2270 que.
324 2226 531 2258 necessariis
564 2226 784 2267 interclusit3
823 2228 995 2270 plurimos
1036 2237 1178 2271 quoque
1226 2227 1414 2258 lanueuses
1447 2227 1554 2270 cepit,
1581 2238 1659 2259 cum

232 2273 385 2305 feliciter
409 2277 445 2304 et
473 2271 613 2303 sortiter
639 2272 676 2304 iu
705 2283 823 2304 eorum
851 2283 957 2304 naves
993 2273 1209 2317 irrumperet.
1259 2271 1322 2304 hos
1350 2273 1486 2304 vinctos
1513 2271 1660 2305 adduxit

233 2318 278 2350 ad
308 2329 422 2361 regem
448 2318 639 2356 loannem,
674 2318 733 2362 qui
772 2329 812 2350 ea
851 2323 1061 2362 tempestate
1092 2317 1220 2361 agebat
1252 2319 1289 2350 in
1314 2317 1438 2360 Xyllae
1467 2317 1657 2351 domicilio.

233 2365 378 2397 suerunt
400 2369 518 2396 autem
541 2364 670 2408 captivi
696 2375 842 2396 numero
867 2365 1027 2405 trecenti,
1059 2375 1148 2408 quos
1170 2374 1290 2396 omnes
1314 2365 1350 2396 in
1380 2364 1542 2396 Galatiae
1565 2364 1659 2396 vallo

233 2416 356 2443 nactus
380 2415 465 2443 erat.
513 2416 637 2455 postea
663 2410 796 2453 legatos
836 2411 929 2443 ultro
961 2410 1122 2454 citroque
1152 2411 1334 2442 mittentes
1360 2421 1466 2454 super
1491 2420 1661 2442 commer-

235 2458 296 2489 ciis
322 2461 357 2488 et
381 2456 507 2496 vineis,
536 2467 626 2501 quae
651 2461 747 2488 extra
773 2456 947 2488 Galatiam
975 2461 1094 2496 erant,
1119 2456 1308 2488 ianuenses
1333 2462 1430 2498 grato
1455 2456 1570 2489 animo
1598 2466 1662 2489 ex-

235 2502 419 2546 cipiebant
442 2513 675 2547 quaecunque
700 2502 880 2535 statuisset
902 2502 945 2534 de
965 2503 1035 2534 illis
1061 2513 1132 2534 rex.
1182 2501 1399 2546 cogebantur
1423 2511 1565 2546 quoque
1591 2513 1661 2535 nu-

236 2559 368 2581 merare
396 2549 464 2591 regi
492 2559 614 2580 aureos
640 2549 738 2580 mille
764 2554 906 2593 propter
930 2549 1052 2580 turrim
1081 2549 1227 2590 regiam
1251 2559 1354 2592 qnam
1380 2552 1537 2592 tempore
1563 2547 1662 2580 obsi·

237 2595 355 2627 dionis
379 2594 580 2627 bombardis
609 2593 831 2634 disiecerunt,
853 2605 991 2626 necnon
1016 2599 1162 2638 propter
1185 2594 1338 2627 officinas
1364 2604 1454 2648 ‹Juae
1481 2593 1517 2625 in
1545 2593 1661 2627 medio

237 2642 375 2685 positae
401 2647 520 2681 erant,
549 2640 767 2682 destructas,
792 2646 830 2674 ut
854 2642 958 2685 potiri
998 2646 1144 2685 possent
1171 2640 1323 2685 imagine
1349 2640 1421 2673 sive
1447 2639 1546 2683 signo
1573 2644 1662 2687 regis

238 2688 465 2719 Graecorum.
