1774 3204
226 183 320 229 508
549 188 764 229 LAONlCl
808 186 1316 228 CHALCOCONDYLAE

222 296 302 331 νες,
331 278 449 332 ὑμεῖς
479 278 565 321 ἴστε
583 294 662 319 που
694 279 749 326 ὥς
777 277 936 333 ἧχώρα
962 277 1078 331 ἡμῶν
1107 274 1253 330 ὅμορός
1281 280 1326 318 τέ
1353 277 1441 318 ἐστι
1470 277 1521 333 τῇ
1549 276 1652 329 ὑμε-

223 346 347 400 τέρα,
385 344 456 384 καί
485 343 597 394 παρὰ
637 345 712 384 τοῦ
741 339 913 396 Ἴστρου
960 344 1150 393 οἰκοῦμεν
1187 339 1421 395 ἀμφότεροι.
1478 342 1552 380 νῦν
1580 335 1652 389 οὖν

224 408 499 463 πυνθάνεσθε,
527 407 679 460 οἴομαι,
709 407 780 448 καί
805 407 922 458 ὑμεῖς
951 406 1023 447 τὸν
1051 408 1225 458 βασιλέα
1261 403 1452 458 Τούρκων
1493 403 1650 462 μεγάλῃ

1272 468 1281 483 ἱ
1331 466 1348 481 ‘i

222 474 336 523 χειρί
361 472 525 513 ἐπιόντα
566 470 872 524 στρατεύεσθαι
913 470 978 526 ἐφ’
1020 468 1142 523 ἡμᾶς.
1208 486 1276 510 και
1321 486 1371 522 ην
1399 468 1499 510 τάδε
1527 485 1652 510 κατα-

185 535 505 588 Βστρεψοὶμενος
553 536 760 590 ὑπάγηται
797 536 853 584 ὥς
884 534 956 589 την
984 534 1165 587 Δακιἀν,
1196 534 1290 575 τόδε
1319 533 1543 574 ἐπίστασθέ
1568 544 1685 579 που5

221 602 292 640 καί
320 600 453 652 ὑμεῖς,
482 601 538 648 ὥς
573 596 666 640 οὔτε
703 600 882 654 ἡσυχίαν
927 595 1093 652 ἄγοντες
1134 600 1432 648 καθεδοῦνται,
1465 597 1553 638 ἀλλ’
1583 599 1653 652 ἐφ’

221 664 332 716 ὑμᾶς
353 664 502 705 αὐτίκα
523 664 706 712 ἐπιόντες
729 663 1061 716 στρατεύσονται,
1092 662 1162 703 καί
1193 663 1413 715 πράγματα
1441 660 1556 702 ἔσται
1585 658 1652 701 ὑπ’

221 729 356 768 αὐτῶν
384 727 583 782 ἀνήκεστα
613 726 654 775 ἐς
673 729 747 780 τὴν
773 728 974 781 ὑμετέραν
1002 725 1146 780 χώραν
1172 725 1420 779 ἱδρυμένοις.
1477 727 1550 767 νῦν
1579 720 1654 766 οὖν

219 789 310 844 ιδ’ρα
338 788 425 834 ἐστι’
459 792 531 832 καί
565 792 672 843 ὑμᾶς
699 794 956 845 βοηθοῦντας
997 793 1096 845 ἡμῖν
1133 791 1382 843 ἀπαμύνειν,
1411 790 1468 839 ὥς
1497 784 1583 833 οἷόν
1609 804 1652 830 τε

217 855 409 911 μάλιστα,
440 855 511 898 τὸν
543 856 713 909 στρατὸν
737 854 851 898 τόνδε
881 855 960 897 α’πὸ
987 859 1058 909 τῆς
1086 857 1242 909 χώρας,
1270 857 1341 896 καί
1364 853 1422 910 μὴ
1455 856 1651 909 περιορᾶν
1666 867 1708 900 10

219 921 449 976 φθείροντά
474 937 515 962 τε
543 919 617 974 την
642 921 787 973 χώραν
815 920 887 961 καί
911 922 1184 962 ε’πικακοῦντα
1216 922 1288 960 καί
1314 918 1651 975 καταστρεφόμε-

217 1001 286 1026 νον
315 984 358 1027 τὸ
389 987 502 1038 γένος
532 986 663 1039 ἡμῶν.
718 984 805 1038 ἔχει
835 987 880 1026 δὲ
911 986 981 1026 καί
1008 988 1084 1025 τοῦ
1121 985 1319 1038 ἡγεμόνος
1343 987 1417 1026 τοῦ
1446 983 1650 1039 ἡμετέρου

217 1050 398 1106 ἀδελφὸν
435 1050 619 1100 νεανιάν,
661 1048 766 1091 ὥστε
801 1050 1058 1090 καθιστάντα
1097 1046 1224 1090 αὐτὸν
1267 1047 1443 1103 ἡγεμόνα
1488 1051 1530 1098 ἐς
1574 1049 1650 1103 τὴν

179 1119 421 1169 ΟΒλαχίαν,
448 1111 497 1169 ἦν
527 1132 567 1157 τι
592 1115 650 1169 μὴ
682 1117 920 1169 προχωροίη
951 1114 1061 1170 αὐτῷ
1090 1112 1248 1170 ἑκάστῳ
1275 1115 1379 1155 κατὰ
1407 1117 1547 1159 νοῦν.”
1575 1114 1646 1155 τὸν

215 1179 290 1234 γάρ
321 1196 383 1222 τοι
422 1183 494 1222 τοῦ
532 1180 704 1222 Βλὰδου
742 1179 926 1234 α’δελφὸν
966 1178 1151 1233 νεανίαν,
1193 1178 1249 1226 ὥς
1285 1177 1552 1232 ἐστρατεύετο
1581 1177 1705 1219 ε’πί15

216 1243 291 1297 τὴν
320 1246 493 1299 Δακιάν,
519 1243 709 1297 μεγάλως
736 1259 779 1284 τε
807 1242 1215 1298 φιλοφρονησάμενος
1244 1241 1420 1298 ἐτίμησε,
1449 1245 1521 1284 καί
1543 1242 1650 1296 χρή-

213 1325 320 1361 μασι
347 1311 418 1349 καί
448 1311 594 1362 ἐσθῆτι
639 1310 831 1362 ἐδωρεῖτο
872 1310 1002 1363 πολλῇ
1029 1323 1073 1348 τε
1114 1307 1185 1348 καί
1209 1305 1370 1364 οἷγαθῇς
1392 1309 1463 1349 καί
1487 1309 1650 1350 ἐκέλευε

216 1375 389 1424 πέμπειν
419 1375 488 1414 ε’πί
513 1372 586 1425 την
612 1375 773 1414 Λακίαν
807 1371 979 1425 λόγους,
1011 1371 1081 1412 ἐπὶ
1106 1371 1202 1420 τούς
1229 1371 1428 1420 ὃυνατούς
1455 1368 1570 1426 ἄγειν
1599 1370 1648 1415 τά

214 1437 453 1491 πράγματα.
510 1436 605 1478 ὅθεν
644 1437 714 1477 ἐπὶ
751 1437 1019 1488 εὐδαιμονίαν
1054 1437 1200 1478 αὐτίκα
1228 1437 1442 1490 γενόμενος
1469 1436 1650 1490 ἔπρασσε

213 1505 386 1554 πέμπων
414 1502 470 1551 ὥς
501 1504 661 1544 ἐκέλευε
690 1499 902 1554 βασιλεύς.
963 1501 1011 1541 οὐ
1038 1504 1178 1554 μέντοι
1199 1517 1244 1555 γε
1277 1502 1503 1556 προεχώρει
1535 1503 1704 1559 αι”τῷ20

212 1565 302 1608 τότε
351 1570 649 1621 προπέμποντι.
717 1567 846 1608 ταῦτα
887 1565 967 1607 ὑπὸ
1008 1567 1080 1608 τοῦ
1113 1562 1287 1620 οἷγγέλου
1323 1565 1575 1616 ἀκούσαντες
1610 1569 1650 1608 οἱ

305 1677 339 1709 3.
369 1676 631 1711 πυνθάνεσθαι
659 1677 682 1711 Ρ

215 1769 276 1801 ubi
302 1770 437 1813 accepit
461 1780 503 1803 ex
528 1771 660 1803 nuntiis
686 1769 806 1803 hostes
833 1770 1000 1803 accedere
1026 1771 1157 1804 infesto
1183 1772 1334 1815 agmine,
1361 1770 1524 1804 nuntium
1553 1770 1648 1803 misit

215 1815 259 1847 :ul
283 1817 478 1853 Pannones,
505 1816 589 1848 talia
612 1815 788 1848 dicentem
815 1821 860 1848 “o
885 1817 948 1848 viri
975 1817 1171 1858 pannones,
1195 1829 1258 1850 vos
1276 1841 1285 1857 ‚
1310 1827 1383 1849 non
1409 1815 1547 1856 dubito,
1576 1817 1646 1849 sci-

216 1863 260 1894 tis
286 1862 462 1904 regionem
489 1867 639 1894 nostram
676 1868 813 1895 vestrae
852 1873 926 1894 esse
959 1862 1161 1903 finitimam,
1195 1869 1231 1895 et
1271 1864 1413 1908 utrique
1447 1861 1645 1895 habitamus

216 1908 315 1940 affusi
341 1910 442 1940 Istro.
493 1919 586 1940 nunc
609 1914 752 1949 autem,
778 1908 814 1940 ni
844 1908 948 1940 fallor
966 1933 977 1949 ‚
1005 1910 1186 1953 accepistis
1209 1910 1403 1942 Tur-corum
1433 1919 1548 1952 regem
1573 1918 1646 1941 ma-

217 1965 282 1997 gna
306 1965 409 1985 manu
437 1953 621 1994 accedere,
649 1959 687 1987 ut
715 1965 809 1986 arma
833 1954 936 1987 nobis
971 1955 1112 1987 inferat.
1161 1956 1190 1988 si
1214 1967 1306 1988 nuuc
1335 1955 1476 1988 Daciam
1503 1954 1647 1988 vastarit

218 2000 356 2043 sibique
381 1999 568 2042 subegerit,
603 2001 728 2032 scitote
746 2025 754 2038 ‚
780 1999 875 2032 haud
901 2001 1054 2034 cessabit
1081 2007 1180 2034 tanto
1208 2001 1351 2033 cardine
1375 2012 1502 2040 rerum,
1525 2011 1645 2033 verum

217 2047 387 2078 continuo
417 2056 510 2078 arma
538 2046 682 2078 hostilia
707 2046 750 2078 ad
775 2058 835 2078 vos
862 2047 1094 2079 circumferet.
1145 2059 1209 2080 nec
1234 2047 1359 2079 dubito
1387 2047 1473 2092 quin
1497 2047 1645 2087 mag-ima

217 2091 301 2124 binc
326 2093 482 2135 pericula
510 2098 659 2124 vestram
686 2093 864 2134 regionem
885 2093 1123 2126 incolentibus
1151 2094 1366 2126 immineant.
1414 2098 1550 2136 tempus
1576 2092 1645 2134 igi-

217 2143 275 2170 tur
298 2149 394 2170 nunc
418 2138 575 2182 postulat
601 2143 638 2169 ut
652 2137 754 2170 nobis
773 2138 908 2170 auxilio
934 2139 1021 2179 sitis,
1048 2145 1085 2172 ut
1113 2141 1303 2171 exercitum
1329 2138 1494 2172 hostilem
1521 2149 1644 2182 quam-

216 2184 367 2227 primum
393 2195 410 2215 e
437 2185 578 2227 regione
604 2184 859 2228 propulsemus.
907 2195 972 2216 nec
998 2185 1250 2229 expectandum
1278 2195 1426 2224 censeo,
1452 2183 1566 2216 donec
1590 2194 1645 2216 re-

219 2230 358 2272 gionem
390 2235 545 2262 nostram
580 2229 780 2262 contuderit
821 2235 856 2262 et
891 2231 1031 2273 penitus
1074 2232 1238 2264 evastarit
1264 2236 1299 2262 et
1324 2235 1462 2273 gentem
1489 2235 1644 2262 nostram

218 2275 284 2307 sibi
310 2276 517 2319 subiugarit.
567 2276 670 2308 etiam
688 2275 786 2308 ducis
812 2277 922 2308 nostri
947 2277 1087 2309 fratrem
1114 2277 1279 2309 maiorem
1309 2288 1367 2308 rex
1393 2275 1521 2309 habet:
1549 2275 1644 2309 hune

218 2322 413 2366 principem
442 2320 632 2355 Valachiae
658 2322 851 2354 constituit.
901 2327 937 2354 at
963 2334 1069 2367 opera
1094 2323 1208 2355 danda
1237 2328 1290 2355 est
1315 2333 1358 2354 ue
1384 2322 1415 2355 ei
1440 2322 1576 2366 singula
1601 2332 1643 2354 ex

218 2369 394 2400 sententia
417 2367 618 2400 succedant.
667 2379 747 2400 nam
774 2367 870 2400 Bladi
900 2367 1041 2400 fratrem
1068 2369 1261 2408 iuniorem,
1302 2379 1377 2400 cum
1403 2379 1496 2400 arma
1521 2373 1642 2400 contra

219 2414 364 2446 Daciam
388 2414 552 2454 vibraret,
579 2425 639 2446 rex
663 2414 823 2446 maximis
852 2413 975 2446 studiis
1000 2414 1110 2447 coluit
1135 2415 1338 2458 magnisque
1362 2413 1558 2447 honoribus
1586 2412 1642 2445 af-

219 2459 314 2492 fecit.
364 2461 492 2504 opibus
519 2466 556 2493 et
575 2461 704 2492 vestitu
731 2460 843 2492 multo
876 2471 953 2492 eum
979 2460 1089 2492 virum
1117 2460 1273 2494 donavit.
1322 2459 1415 2493 hunc
1438 2460 1538 2493 iussit
1566 2469 1640 2492 ser-

219 2516 340 2537 mones
370 2517 484 2538 serere
509 2506 782 2539 cum'Dacorum
809 2505 1022 2550 proceribus,
1050 2512 1088 2539 ut
1122 2508 1195 2551 ipse
1223 2505 1360 2538 tandem
1388 2507 1561 2550 potiretur
1586 2515 1641 2537 re-

221 2563 293 2582 rum
319 2563 464 2584 summa.
522 2557 740 2596 quapropter
773 2563 849 2584 cum
878 2552 972 2584 brevi
1011 2553 1047 2584 in
1073 2564 1231 2594 maguam
1262 2553 1466 2585 felicitatem
1491 2553 1536 2584 sit
1557 2562 1642 2596 pro-

222 2603 348 2637 motus,
374 2604 412 2631 ut
437 2604 577 2643 pareret
606 2599 700 2641 regi,
740 2598 907 2643 imperata
950 2598 1034 2630 fecit
1064 2605 1098 2630 et
1133 2599 1260 2631 Daciae
1295 2610 1458 2642 proceres
1482 2597 1640 2631 tentavit.

220 2655 286 2675 nec
314 2650 429 2676 tamen
455 2645 640 2689 quicquam
669 2643 783 2676 adhuc
809 2643 942 2677 efficere
967 2645 1098 2688 potuit,
1125 2656 1242 2677 verum
1269 2645 1428 2688 repulsus
1445 2643 1529 2677 est-’⁵
1556 2643 1642 2676 Pan-

220 2700 331 2723 nones
356 2701 434 2722 eum
458 2690 543 2723 baec
575 2690 739 2724 audirent
765 2702 807 2724 ex
834 2691 958 2723 nuntio
975 2715 984 2731 ‚
1015 2690 1116 2724 dictis
1140 2691 1439 2736 obtemperarunt,
1463 2696 1500 2724 et
1522 2699 1621 2734 prom
