1858 3210
548 199 622 239 DE
660 199 831 239 REBUS
871 197 1125 240 Tuflcicis
1166 201 1212 242 L.
1239 202 1331 240 vn.
1568 192 1665 243 349

199 303 278 351 δας
308 301 350 349 ἐς
382 294 555 354 Ἀγγιον
597 297 720 340 πόλιν
753 299 986 350 εὕδαίμονα
1016 300 1261 356 ἀπέστελλε,
1305 303 1377 354 τῆς
1418 302 1463 342 δὲ
1503 300 1664 348 πόλεως

199 367 437 421 ἐνεπίμπρα
467 382 513 407 τε
543 365 618 414 τὰς
643 367 791 414 οἰκιάς.
865 366 938 406 καί
978 368 1052 407 τοῦ
1092 366 1238 420 πρόσω
1268 367 1462 421 ἐχόμενος
1489 366 1664 422 α’φίκετο

197 433 271 477 ἐπὶ
302 432 482 489 Πάτρας
508 434 584 486 τῆς
606 431 785 484 Ἀχαΐας
813 431 935 473 πόλιν
967 431 1215 483 cidamum.
1291 432 1451 487 ταύτην
1481 436 1559 485 μὲν
1590 426 1664 473 οὖν

197 503 386 553 ἐξέλιπον
413 497 451 542 οἱ
483 495 634 552 ἄνδρες
661 497 703 545 ἐς
733 496 810 551 τήν
841 496 1090 551 καταντικρύ
1127 494 1299 551 ἤπειρον
1325 502 1408 540 ταῖν
1433 499 1662 554 Ουένετῶν,
1680 507 1708 539 D

161 569 270 610 5καί
293 565 400 621 πλὴν
422 567 503 608 τῶν
531 566 575 607 ἐν
602 567 649 620 τῇ
678 563 904 618 ἀκροπόλει
936 563 1010 605 καί
1041 565 1085 605 ἐν
1112 569 1199 614 τοῖς
1227 566 1472 618 βασιλείοις,
1499 566 1543 607 οἳ
1565 567 1662 607 ἕνα-

195 634 485 689 πελείφθησαν
513 628 735 686 ἀφροσύνῃ
753 628 1028 684 χρησάμενοι,
1058 629 1096 672 οἱ
1127 632 1167 671 ‹5’
1198 626 1318 672 ἄλλοι
1348 631 1497 680 πάντες
1528 627 1665 689 ᾤχον-

193 715 242 742 το
277 698 514 755 φεύγοντες.
586 693 691 751 ἦσαν
735 698 773 738 δ’
819 694 857 738 οἷ
889 699 1264 752 ἐναπολειφθέντες
1295 698 1337 745 ἐς
1356 699 1668 751 τετρακισχιλί-

197 781 283 813 ους.
361 762 459 812 τούς
502 764 582 816 μὲν
622 758 696 804 οὖν
734 765 815 804 ταῖν
844 764 1072 815 βασιλείων
1102 758 1262 815 ἄνδρας
1286 778 1331 803 τε
1365 765 1439 804 καί
1465 771 1667 817 γυναῖκας

196 829 515 885 παρεστήσαντο
544 829 766 885 ὁμολογίᾳ,
797 831 869 870 καί
895 830 938 876 ἐς
968 827 1217 883 ἀνδράποδα
1247 828 1486 880 διελόμενος
1515 829 1588 883 τήν
1620 846 1666 871 τε

141 908 184 943 10
196 896 420 952 α’κρόπολιν
447 896 684 950 ἐπολιόρκει
712 898 786 938 καί
813 891 911 943 τούς
928 911 972 937 τε
999 894 1203 950 νεήλυδας
1223 894 1414 948 ἔπεμψεν
1435 895 1491 944 ὥς
1520 894 1666 938 ἐλοῦν-

193 980 280 1012 τας.
339 961 412 1004 καί
439 956 555 1005 οὗτοι
591 962 881 1016 προσέβαλλόν
921 977 967 1005 τε
998 963 1057 1018 τῷ
1094 962 1226 1015 τείχει
1256 965 1331 1004 καί
1356 959 1665 1016 ὖπορυξάμενοι

192 1032 443 1073 εἰσέπιπτον.
502 1026 540 1070 οἱ
572 1030 618 1070 δὲ
649 1027 842 1084 ’Έλληνες
873 1027 1041 1083 ῥυτίνην
1071 1032 1143 1070 καί
1173 1029 1329 1070 πίσσαν
1357 1028 1463 1082 πυρὶ
1490 1028 1663 1082 ἁψάμε-

192 1111 258 1138 νοι
285 1094 391 1138 κατὰ
424 1094 532 1150 ὀπήν
561 1095 658 1144 τούς
675 1111 718 1138 τε
745 1095 951 1148 νεήλυδας
983 1094 1285 1150 ἐξεκρούσαντο
1304 1094 1560 1147 α’μυνόμενοι
1592 1095 1710 1140 καίΡ.
1725 1105 1792 1140 185

192 1161 417 1217 ἑκροίτυνον
444 1162 521 1216 τήν
553 1161 792 1216 ἀκρόπολιν.
851 1162 1117 1215 Ἀμουρατης
1143 1164 1221 1213 μὲν
1251 1161 1316 1216 δή,
1347 1159 1406 1210 (ὃς
1440 1163 1664 1215 Τουραχά-

138 1239 264 1283 15νης
299 1230 498 1271 ἐντεῦθεν
529 1230 785 1284 ἀφικόμενος
825 1231 898 1270 καί
927 1229 1175 1283 α’νὸραποὸἀ
1223 1226 1278 1276 ὦς
1307 1234 1479 1271 πλεῖστα
1509 1230 1663 1283 α’γόμε·

191 1310 261 1344 νος
290 1297 539 1349 παρεγένετο
567 1296 698 1353 αὐτῷ,
728 1298 915 1337 ἐνταῦθα
946 1294 1233 1346 ε’παναζεύξας
1265 1294 1494 1349 α’πήλαυνε.
1551 1294 1660 1348 μετὰ

194 1362 242 1403 δὲ
270 1362 402 1402 ταῦτα
433 1362 485 1401 ου’
513 1364 649 1417 πολλῷ
681 1359 856 1416 ὕστερον
886 1359 1070 1409 σπονδάς
1101 1377 1147 1403 τε
1176 1361 1419 1416 ἐποιήσατο,
1452 1364 1524 1403 καί
1551 1361 1662 1402 ὑπό-

192 1441 326 1483 φορον
353 1426 479 1480 ἔσχον
508 1427 583 1479 τὴν
607 1429 933 1483 Πελοπόννησον
959 1427 1003 1469 τό
1038 1428 1119 1470 α’πὸ
1151 1430 1273 1470 τοῦδε
1305 1427 1342 1470 οἱ
1365 1426 1557 1482 Ἓλληνες
1587 1429 1663 1482 μὲ-

192 1509 269 1548 χρι
297 1493 471 1546 τούτου,
500 1493 546 1536 τὸ
589 1496 688 1548 πρίν
734 1497 964 1547 ἐλευθέραν
996 1489 1140 1539 οὖσαν.
1208 1496 1282 1549 τήν
1324 1498 1402 1548 μὲν
1431 1491 1507 1536 οὖν
1540 1495 1663 1538 πόλιν

133 1561 274 1608 ροταῖν
303 1561 457 1614 Θηβῶν
502 1560 762 1614 πειρώμενον
808 1562 970 1602 ἐπιέναι
1013 1565 1193 1615 βασιλέα
1237 1563 1308 1603 ε’πί
1336 1561 1663 1617 Πελοπόννησον

191 1626 382 1678 ἑξέλιπόν
414 1643 480 1681 τε,
530 1630 605 1668 καί
646 1626 744 1675 τούς
784 1623 942 1681 ἄνδρας
986 1626 1286 1677 ἐξαναστάντες
1325 1625 1491 1685 ᾤκησαν
1533 1631 1577 1670 ἐν
1605 1631 1664 1685 τῷ

186 1691 378 1750 Ἰσθμῷ,
405 1695 450 1736 οἵ
475 1709 582 1744 τινες
612 1694 663 1750 δὴ
698 1694 772 1736 καί
796 1692 990 1736 ἑάλωσαν
1015 1694 1096 1735 ὑπὸ
1137 1695 1349 1749 Τούρκων.
1408 1695 1431 1750 ἡ
1468 1697 1513 1737 δὲ
1545 1694 1662 1744 ἐκτὸς

191 1866 329 1899 nullam
356 1867 481 1900 salutis
498 1879 598 1912 spem
623 1868 794 1913 affulgere
819 1874 992 1909 cerneret,
1022 1880 1059 1902 se
1085 1869 1162 1914 ipse
1194 1875 1230 1902 et
1257 1881 1371 1902 arcem
1392 1870 1551 1903 Amurati
1582 1875 1656 1903 tra-

191 1912 298 1946 didit.
349 1913 414 1948 hos
454 1915 603 1960 quidem
638 1927 715 1948 cum
754 1916 877 1949 liberis
916 1922 953 1949 et
994 1917 1168 1949 uxoribus
1202 1917 1300 1950 misit
1330 1918 1506 1961 Anghum,
1532 1917 1654 1950 urbem

190 1961 416 2005 opulentam.
467 1963 544 2006 ipse
574 1974 657 1996 vero
684 1962 846 1996 aedificia
874 1963 972 1996 urbis
996 1969 1122 2008 captae
1151 1963 1325 1997 incendit.
1376 1976 1448 2010 quo
1476 1965 1570 1997 facto
1598 1965 1656 1997 ul-

192 2008 303 2041 terius
327 2008 511 2053 profectus
549 2011 649 2043 venit
675 2010 816 2051 Patras,
846 2010 1000 2043 Achaiae
1031 2010 1152 2043 urbem
1182 2011 1312 2056 opibus
1334 2011 1537 2045 florentem.
1589 2023 1656 2056 op-

189 2053 317 2100 pidani
344 2055 467 2088 urbem
492 2056 595 2089 istam
621 2056 868 2098 deseruerant,
889 2057 1064 2091 abeuntes
1090 2059 1128 2091 in
1155 2059 1401 2092 continentem
1419 2059 1654 2099 Venetorum,

190 2113 286 2147 quae
313 2114 357 2136 ex
371 2104 540 2147 opposito
567 2110 653 2137 erat.
704 2116 907 2138 remansere
930 2110 1048 2138 tamen
1070 2105 1216 2150 quidam
1241 2106 1278 2140 in
1304 2118 1382 2139 arce
1412 2113 1447 2139 et
1474 2107 1510 2139 in
1538 2107 1653 2150 regia:

189 2149 292 2187 stulti
319 2149 479 2196 quidem,
506 2161 583 2184 cum
612 2151 743 2197 reliqui
764 2152 832 2185 sibi
852 2153 935 2196 fuga
961 2153 1204 2193 consulerent,
1230 2154 1299 2198 ipsi
1326 2165 1362 2187 se
1381 2154 1417 2187 in
1444 2165 1547 2198 grave
1574 2154 1654 2187 (lis-

189 2197 325 2231 crimen
348 2198 644 2243 praecipitarunt.
695 2205 798 2233 erant
822 2205 942 2232 autem
967 2211 1116 2234 numero
1144 2206 1272 2246 quater
1300 2201 1411 2234 mille.
1461 2202 1555 2233 viros
1582 2202 1652 2245 igi-

188 2246 249 2276 tur
275 2249 313 2282 et
334 2244 502 2278 mulieres
542 2257 634 2292 quae
669 2246 708 2279 in
733 2247 830 2290 regia
857 2252 983 2286 erant,
1009 2248 1453 2294 pactionibusAmurates
1479 2249 1516 2280 in
1544 2247 1651 2281 fidem

174 2291 339 2336 succepit,
367 2303 564 2338 omnesque
591 2294 629 2326 iu
652 2295 915 2339 mancipiorum
944 2294 1065 2328 album
1096 2296 1248 2329 rettulit.
1301 2295 1384 2328 hinc
1413 2296 1503 2328 arcis
1529 2306 1649 2341 oppu-

187 2338 397 2382 gnationem
421 2341 623 2385 auspicatus
649 2347 723 2381 est,
762 2342 1044 2387 peregrinosque
1070 2343 1192 2384 misit,
1221 2348 1261 2375 ut
1293 2354 1368 2376 eam
1396 2343 1515 2375 subito
1542 2344 1649 2388 cape-

188 2390 280 2418 rent.
309 2384 346 2419 hi
375 2397 509 2419 summa
537 2388 572 2420 vi
598 2389 770 2432 impetum
791 2390 829 2422 in
855 2401 994 2422 murum
1015 2389 1141 2423 dantes
1165 2401 1322 2436 eumque
1347 2390 1583 2423 suffodientes
1610 2391 1648 2423 in

187 2443 303 2464 arcem
331 2433 502 2478 irrupere.
554 2435 681 2469 Graeci
704 2437 855 2470 resinam
885 2442 922 2470 et
946 2439 1061 2482 picem
1097 2438 1276 2470 incensam
1298 2449 1361 2482 per
1392 2438 1566 2470 foramina
1593 2438 1648 2470 ia-

186 2479 374 2519 culantes,
411 2482 619 2526 peregrinos
657 2484 876 2529 expulerunt
903 2485 1072 2518 acerrime
1114 2491 1366 2530 repugnantes,
1395 2495 1586 2529 arcemque
1611 2490 1648 2518 et

186 2537 327 2559 murum
355 2527 554 2563 reficientes
584 2535 621 2562 et
646 2531 780 2575 optime
805 2532 1020 2565 munientes.
1079 2533 1279 2572 Amurates‚
1307 2532 1368 2564 ubi
1394 2531 1541 2566 advenit
1568 2531 1647 2564 Tu·

189 2573 359 2606 rachanes
386 2574 519 2608 vehens
545 2577 732 2611 maximam
760 2577 947 2612 hominum
969 2579 1193 2624 aliarumque
1222 2591 1335 2612 rerum
1357 2578 1537 2624 praedam,
1566 2590 1646 2613 cum

188 2621 348 2654 exercitu
378 2620 540 2656 discessit
558 2648 568 2664 ,
594 2635 662 2657 nec
683 2625 798 2659 multo
826 2631 909 2671 post
936 2637 1060 2672 pacem
1102 2638 1180 2659 cum
1210 2627 1355 2660 Graecis
1383 2626 1480 2659 fecit.
1530 2637 1573 2659 ex
1602 2637 1645 2659 eo

188 2666 274 2700 inde
303 2673 465 2713 tempore
504 2670 794 2716 Peloponnesus,
823 2685 916 2718 quae
949 2674 1048 2718 prius
1088 2674 1200 2706 libera
1227 2679 1326 2713 erat,
1355 2674 1426 2718 regi
1453 2672 1645 2706 tributaria

187 2714 280 2748 facta
308 2721 370 2748 est·
422 2716 568 2750 Thebas
594 2718 773 2760 Thebani,
811 2732 891 2753 cum
919 2720 1104 2754 hostiliter
1131 2720 1316 2754 accederet
1343 2732 1416 2759 rex,
1441 2720 1646 2761 deseruere,

187 2766 224 2796 et
251 2762 290 2796 in
318 2763 487 2797 Isthmum
514 2775 551 2798 se
577 2767 776 2809 contulere,
801 2769 904 2813 quasi
935 2768 987 2800 ibi
1000 2767 1219 2810 habitaturi,
1247 2768 1311 2814 qui
1336 2773 1455 2802 tamen
1480 2768 1525 2801 ab
1550 2769 1646 2802 Tur-

0 2399 3 2401 *
0 2114 18 2370 zw‘vnezaew-›mw
5 2083 17 2106 ³<-
7 2062 9 2067 -
