1800 3172
222 180 313 229 124
531 187 747 230 LAONlcr
793 189 1298 231 cuALCOCONDYLAE

215 283 474 339 προειρηκότι
503 285 548 325 τὸ
578 285 700 341 [γὰρ]
731 289 844 335 κλέος
885 289 1018 327 αὐτοῦ
1047 289 1089 335 ἐς
1117 287 1193 340 τὴν
1225 290 1468 342 οἰκουμένην
1495 290 1638 341 ἔσόμε».

213 365 293 392 νον.
351 347 421 389 διὰ
451 351 571 390 τοῦτο
599 350 655 403 μή
686 349 920 403 ἐπιτρέπειν
950 354 1328 403 ἀνδραποδίζεσθαι
1355 352 1610 405 Ἀρμενίους.
1635 382 1637 385 ⁴

326 416 467 454 Ταῦτα
501 416 642 465 μέντοι
671 417 713 463 ἐς
741 416 814 468 τὴν
845 417 1091 468 νομοθεσίαν
1126 417 1494 470 ἀποδεδειγμένους
1523 419 1638 474 αὐτῷ

100 478 266 527 ν,52ὦς
297 484 486 522 πλεῖστον
521 482 595 534 τῆς
626 482 864 535 οἰκουμένης
892 485 1077 534 κατέχειν
1113 485 1267 535 μέρος,
1314 485 1385 524 καί
1423 485 1494 526 ἐπί
1530 485 1639 537 μέγα

208 549 344 586 ἐλθεῖν
383 546 473 586 ἔστε
509 544 583 599 τὴν
618 542 764 588 Ἀσίαν
808 549 880 588 καί
915 550 957 594 ές
995 549 1070 601 τὴν
1113 547 1281 603 Λιβύην
1319 550 1391 604 naq*
1416 550 1458 597 ἐς
1486 555 1671 602 μοῖραν5

208 614 278 663 τῆς
322 610 523 665 Εὐρώπης
564 611 639 650 οὐκ
687 612 848 666 ὀλίγην,
878 612 953 665 την
992 614 1033 660 ἐς
1064 613 1231 660 Σκύθας
1259 628 1304 653 τε
1343 613 1414 654 καί
1438 613 1537 662 τούς
1565 617 1638 663 νῦν

97 681 191 718 P.66
214 675 441 728 Τούρκους,
470 674 542 715 καὶ
566 677 608 722 ἐς
636 674 711 729 τήν
735 672 918 730 Ἰβηρίαν
950 677 1045 724 τούς
1072 692 1116 729 γε
1148 680 1331 729 Λίβυας.
1404 681 1562 732 λέγεται
1591 680 1637 720 δὲ

207 741 450 793 τελευτῆσαι
477 739 548 780 ἐπὶ
575 741 696 781 παιδί
715 741 834 796 εΑλίῃ
852 740 1112 793 βασιλεύοντι
1139 743 1356 797 Ἀραβίας·
1413 741 1567 784 ἐκεῖνόν
1593 759 1638 784 τε

205 802 285 856 γάρ
317 801 377 851 ὥς
405 807 633 857 νομοθέτην
661 805 914 858 προσέμενόν
944 821 1015 857 τε,
1047 809 1118 847 καί
1147 807 1386 858 πειθόμενοι
1417 808 1541 863 αὐτῷ,
1571 809 1639 863 ἐφ’

205 865 228 908 δ’
257 870 303 908 τί
328 884 373 921 γε
420 864 471 909 ἂν
499 870 703 923 ἐξηγοῖτο,
744 870 979 923 ἐπέτρεψαν
1007 887 1050 911 τε
1095 868 1208 926 αὐτῷ
1239 872 1290 912 τὰ
1318 871 1539 925 πράγματα
1567 875 1692 917 nullo

203 935 315 987 σφᾶς
354 932 509 982 αὐτούς
554 937 741 987 χρῆσθαι
769 931 881 981 ὅπως
922 931 974 975 ἄν
1012 935 1218 987 βούλοιτο.
1289 937 1393 988 μετὰ
1425 939 1470 978 δὲ
1499 940 1635 978 ταῦτα

201 997 382 1050 στρατόν
408 1014 451 1039 τε
489 1002 734 1053 συναγείρας
763 999 819 1047 ὦς
846 1004 1033 1041 πλεῖστον
1051 1033 1062 1051 ,
1098 1002 1214 1056 ἐπῄει
1242 1004 1313 1054 τῆς
1340 1017 1384 1043 τε
1414 1002 1633 1055 Αἰγύπτου

201 1062 271 1102 καί
295 1065 369 1116 τῆς
408 1059 534 1117 ἄλλης
571 1064 767 1116 Ἀραβίας
804 1063 912 1104 ἔστιν
957 1062 985 1104 ἂ
1015 1065 1418 1117 καταστρεψόμενος,
1461 1069 1532 1107 καί
1558 1064 1634 1118 τήν

199 1129 376 1180 ψάμμον
423 1128 574 1181 διαβὰς
609 1127 682 1181 τῆς
721 1129 918 1182 Ἀραβίας
956 1128 1008 1170 τοὶ
1042 1131 1138 1185 τῇδε
1179 1131 1312 1170 αὐτοῦ
1339 1128 1439 1184 ἔθνη
1474 1129 1631 1185 ὑπηγά-

197 1208 306 1247 γετο.
375 1192 630 1246 βασιλεύσας
666 1191 736 1247 ἔτη
768 1222 780 1234 .
813 1223 824 1234 .
856 1223 868 1234 .
903 1225 912 1234 .
942 1194 1182 1248 ἐτελεύτησε
1220 1197 1266 1235 δὲ
1303 1197 1346 1235 έν
1381 1197 1521 1251 χωρίῳ
1550 1196 1686 1243 τινι“15

203 1260 334 1309 Men-2²,
368 1258 524 1299 οὑτωσί
551 1260 800 1315 καλουμένῳ.
857 1262 926 1300 καί
954 1256 976 1298 ὅ
1006 1275 1050 1300 τε
1078 1258 1254 1312 στρατὸς
1282 1263 1353 1300 καί
1379 1259 1418 1302 οἱ
1445 1259 1521 1313 τήν
1546 1259 1631 1312 χιό-

158 1337 275 1377 Βραν
311 1324 514 1370 οἰκοῦντες
557 1321 726 1375 ἔθαψαν
769 1323 898 1364 αὐτὸν
933 1327 1255 1377 μεγαλοπρεπῶς
1295 1327 1367 1366 καί
1399 1327 1632 1379 ἐπένθησαν

193 1386 395 1440 μεγάλως.
451 1386 523 1428 καί
550 1387 717 1436 τελετὰς
758 1388 871 1444 αὐτῷ
913 1390 1126 1429 ποιοῦνται
1157 1387 1194 1430 οἱ
1229 1384 1415 1443 ”Αραβες
1443 1388 1519 1430 α’νοὶ
1549 1391 1631 1430 πᾶν

194 1451 282 1500 ἔτος
313 1451 368 1500 ὥς
397 1447 509 1505 ἤρωί
530 1467 573 1492 τε
602 1454 673 1493 καί
700 1451 780 1492 ὑπὸ
813 1456 918 1493 θεοῦ
947 1451 1055 1506 τάχα
1086 1456 1128 1501 ἐς
1155 1454 1228 1507 τὴν
1258 1455 1502 1505 νομοθεσίαν
1528 1457 1631 1510 σφί-

193 1533 260 1557 σιν
287 1517 412 1570 ιίνδρί
441 1519 589 1570 ειίαγεῖ
625 1517 969 1574 ἀποδεδειγμένη).
1035 1519 1082 1559 τά
1119 1534 1163 1559 τε
1205 1521 1246 1566 ἐς
1275 1519 1350 1573 την
1377 1520 1682 1571 νομοθεσιάνρο

194 1583 353 1635 ἐπιεικῆ
383 1596 427 1621 τε
456 1582 528 1622 καί
554 1579 602 1622 οὗ
632 1581 819 1638 τυράννῳ
845 1586 1046 1638 γενομένῳ
1086 1580 1214 1631 οὕτως
1241 1585 1501 1637 γεγενῆσθαι.

1079 1646 1092 1660 ζ

297 1647 407 1687 Ἐπεί
433 1648 479 1686 δὲ
508 1647 787 1700 ἐτελεύτησεν,
826 1647 1030 1702 Ὀμούρης
1070 1663 1090 1687 ο
1134 1650 1215 1688 τῶν
1253 1650 1454 1702 μαθητῶν
1495 1648 1629 1689 αὑτοῦ

177 1795 257 1816 .—nus
286 1782 429 1827 quidam
455 1783 667 1816 vaticinatus
698 1788 751 1815 est
791 1783 938 1827 gloriam
959 1784 1166 1817 Mechmetis
1192 1795 1255 1829 per
1281 1785 1478 1818 universum
1505 1785 1623 1818 orbem

192 1829 465 1874 propagandam.
534 1835 656 1873 estque
698 1829 785 1861 haec
825 1831 925 1862 unica
950 1842 1075 1871 causa,
1100 1831 1163 1863 viri
1203 1831 1328 1863 honori
1354 1831 1391 1863 id
1416 1826 1623 1870 tribuentes,

192 1875 288 1921 quod
317 1876 417 1908 nulia
443 1875 487 1907 ab
515 1877 673 1907 Armenis
702 1876 876 1920 mancipia
903 1876 1088 1909 abducant.

283 1922 380 1954 Haec
425 1921 568 1966 quidem
606 1922 667 1953 ubi
692 1921 906 1954 Mechmetes
932 1923 1068 1966 legibus
1105 1923 1293 1960 sanxisset,
1319 1922 1506 1967 plurimam
1530 1922 1624 1954 orbis

191 1972 326 2012 partem
362 1968 558 2012 occupavit.
618 1969 654 2000 in
685 1969 766 2000 Asia
801 1968 912 2010 Libya
950 1975 986 2001 et
1013 1970 1171 2012 Europae
1207 1970 1349 2011 regione
1379 1980 1450 2000 non
1475 1968 1621 2006 modica,

192 2025 283 2058 quae
309 2025 346 2047 se
374 2014 534 2046 extendit
559 2014 604 2046 ad
629 2013 773 2056 Scythas
799 2021 834 2046 et
861 2015 905 2046 ad
935 2026 994 2046 eos
1019 2016 1079 2058 qui
1106 2015 1214 2047 hodie
1240 2016 1482 2054 sunt'sureos‚
1511 2025 1622 2058 usque

191 2060 236 2092 ad
265 2060 413 2092 iberiam
438 2071 510 2092 nou
547 2071 654 2104 parva
681 2060 889 2093 Mechmetis
928 2061 1048 2094 extitit
1085 2063 1286 2094 auctoritas.
1345 2066 1502 2093 mortuns
1544 2071 1620 2092 esse

191 2106 342 2139 traditur
364 2106 437 2138 filio
464 2116 527 2138 suo
555 2107 655 2138 Aliae
681 2106 842 2138 Arabiam
864 2113 1016 2150 regente.
1065 2107 1159 2139 hunc
1184 2108 1276 2140 enim
1296 2107 1531 2150 legislatorem
1560 2106 1620 2138 ubi

191 2153 364 2197 promptis
390 2152 514 2184 animis
541 2154 808 2196 assumpsisset,
838 2154 870 2184 ei
901 2153 1112 2186 obedierunt
1139 2154 1175 2185 in
1203 2153 1378 2190 omnibns,
1406 2162 1619 2197 quocunque

191 2198 332 2232 tandem
357 2199 452 2242 ipsos
478 2197 668 2230 eduxisset.
718 2199 824 2231 etiam
851 2210 963 2230 rerum
992 2211 1131 2233 suarum
1160 2210 1326 2231 summam
1353 2199 1408 2231 isti
1435 2199 1619 2230 commise-

191 2251 282 2284 runt,
310 2250 348 2277 ut
375 2245 462 2289 ipsis
486 2256 548 2288 pro
573 2256 635 2276 suo
662 2244 807 2276 arbitrio
833 2251 1002 2278 uteretur.
1051 2245 1134 2278 hinc
1163 2246 1281 2289 copias
1306 2245 1479 2277 contraxit
1506 2244 1619 2288 pluri-

190 2302 273 2332 mas,
299 2302 383 2336 quas
410 2296 531 2322 contra
557 2291 751 2334 Aegyptum
777 2291 890 2330 duxit,
917 2297 952 2324 et
977 2292 1134 2335 reliquae
1162 2291 1309 2324 Arabiae
1336 2290 1508 2336 quaedam
1533 2289 1618 2322 sub-

190 2339 273 2381 egit.
323 2337 495 2370 transiens
521 2342 637 2369 autem
662 2337 738 2368 loca
763 2348 907 2368 arenosa
935 2338 1101 2376 Arabiae,
1139 2343 1258 2380 gentes
1283 2338 1330 2369 ibi
1356 2341 1531 2369 morantes
1555 2347 1618 2368 suo

190 2384 337 2427 imperio
370 2383 543 2415 adiunxit.
592 2394 668 2414 cum
706 2388 882 2426 regnasset
919 2385 1019 2415 annis
1056 2401 1072 2416 ε
1106 2401 1121 2416 ε
1156 2383 1342 2415 defunctus
1381 2388 1435 2415 est
1471 2383 1508 2414 in
1538 2382 1616 2414 loco

189 2429 341 2474 quodam
367 2430 422 2461 cui
446 2441 575 2462 nomen
599 2434 651 2461 est
678 2429 814 2461 Mecha.
866 2430 996 2462 milites
1023 2430 1246 2474 regionisque
1272 2429 1409 2462 incolae
1435 2428 1617 2471 magnifice

190 2476 358 2520 exequias
385 2475 562 2508 duxerunt
590 2481 625 2507 et
649 2475 800 2517 graviter
824 2486 902 2506 eum
930 2476 1061 2508 luxere.
1124 2477 1313 2520 quotannis
1342 2476 1377 2507 in
1405 2476 1478 2507 eius
1502 2474 1617 2506 hono-

191 2533 258 2554 rem
287 2533 381 2553 sacra
410 2522 542 2554 faciunt
568 2521 706 2554 Arabes.
761 2521 868 2553 heroa
906 2522 1033 2554 etenim
1067 2522 1242 2566 quendam
1274 2532 1353 2553 eum
1378 2531 1453 2554 esse
1479 2525 1617 2564 putant,

190 2567 413 2612 eundemque
439 2574 478 2600 ut
502 2569 612 2600 virum
642 2572 796 2599 sanctum
825 2578 843 2598 a
868 2566 934 2599 deo
961 2567 1174 2608 ordinatum,
1200 2574 1239 2600 ut
1264 2569 1346 2612 ipsis
1373 2567 1468 2611 leges
1499 2566 1618 2604 ferret,

190 2625 294 2658 quem
322 2615 357 2646 in
386 2613 511 2646 dandis
537 2613 673 2656 legibus
698 2625 770 2646 non
797 2619 1004 2655 tyrannum,
1033 2619 1067 2646 at
1091 2614 1199 2646 virum
1226 2613 1402 2658 quendam
1429 2613 1619 2658 aequitatis

181 2661 244 2693 ¹vel
273 2661 305 2691 in
335 2661 452 2703 primis
479 2666 655 2692 amantem
680 2659 888 2692 iudicarunt.

282 2706 424 2739 Mortuo
462 2706 682 2745 Mechmete,
723 2706 892 2739 Homures
922 2705 1173 2750 discipulorum
1201 2706 1475 2750 spectatissimus
1502 2715 1519 2736 a
1545 2705 1619 2736 filio
