1774 3204
234 181 327 230 564
552 187 769 228 momen
813 187 1322 229 cHALcocoNDYLAE

233 291 403 341 γένοιτο,
431 286 470 327 εἰ
493 283 689 338 βασιλεύς
717 283 795 325 σύν
823 289 913 332 ταῖς
939 282 1092 336 θύραις
1121 287 1253 326 αὐτοῦ
1283 286 1478 338 ἐσβάλλοι
1505 289 1547 336 ἐς
1574 292 1664 330 Πε-

233 351 509 404 λοπόννησονς
537 345 561 401 ἢ
589 350 694 401 δῆλα
733 348 789 397 ὥς
819 351 893 389 οὐκ
924 345 975 390 ἄν
1001 348 1063 390 ἔτι
1093 353 1239 404 σφίσιν
1267 352 1412 400 αὐτοῖς
1443 352 1664 395 ὑπόλοιπον

231 417 506 469 ὑπολειφθειή
533 417 578 455 ἐν
605 415 910 471 Πελοποννήσῳ
950 417 1117 469 χωριόν,
1145 410 1170 454 ὃ
1195 413 1253 468 μή
1289 414 1518 458 ἀνάστατον
1543 421 1664 472 γένη-

230 495 298 522 ται
329 475 612 531 ἀπολούμενον
639 478 718 519 ὑπὸ
737 480 812 520 τοῦ
839 481 1055 531 βασιλέως.
1109 481 1195 531 νῦν,
1217 479 1271 527 ὥς
1300 482 1342 521 ἐν
1373 481 1663 535 Θερμοπύλαις

229 543 479 599 ἀφικόμενος
521 543 694 584 ἐπύθετο
724 543 780 590 ὥς
811 540 1078 591 ἀπολιπόντες
1122 542 1191 585 τὸν
1223 544 1393 595 Ἰσθμὸν
1432 545 1591 599 οἴχοντο
1623 545 1694 588 οἱ5

190 618 216 651 C
234 605 452 661 Ουένετοί,
481 605 536 655 ὥς
582 603 680 662 ἦρος
711 609 977 662 ἐπιφανέντος
1017 608 1168 650 αὕτίκα
1197 611 1250 650 ἵν’
1278 607 1455 651 ἔλθωσιν
1487 610 1557 652 ἐπὶ
1578 607 1662 652 Εὕ-

227 677 361 726 βοιαν,
390 675 461 714 καί
490 673 588 714 τάδε
632 670 765 714 πάντα
795 672 867 727 ὑφ’
910 666 1050 714 αὑτῶν
1078 670 1354 727 ποιησόμενοι.
1413 674 1452 715 εἰ
1481 671 1556 716 οὖν
1582 693 1661 717 πα·

227 741 418 791 ρέχοντος
445 740 648 789 βασιλέως
691 738 934 790 συγγνώμην
972 738 1039 791 ἐφ’
1067 734 1128 785 οἷς
1169 737 1446 793 ἑξηπατήθητε
1472 739 1555 780 ὑπὸ
1583 743 1662 782 τῶν

226 801 376 844 κάκιστ’
402 802 694 852 ἀπολουμένων
711 804 1076 856 Πελοποννησίων,
1104 805 1186 844 τῶν
1216 802 1314 856 πρὸς
1339 803 1566 853 Ουένετοὺς
1592 820 1662 846 τε-
1768 833 1774 862 ,-

91 874 134 908 V.
146 874 213 907 235
225 868 470 920 τραμμένων
498 869 569 907 καί
598 867 685 907 οὐδ’
715 864 852 907 ὁτιοῦν
872 864 984 918 ὑγιὲς
1012 869 1062 922 τῇ
1081 866 1198 924 χώρᾳ
1228 869 1325 923 τῇδε
1345 869 1658 921 διανοουμένων·
1675 877 1716 912 10
1767 879 1774 925 g

225 929 318 973 οἶδα
346 930 426 985 γάρ
459 928 513 978 ὥς
545 930 776 972 ἐπετέλλετο
803 929 1001 983 βασιλεύς
1032 933 1113 972 τῶν
1135 930 1214 972 ἀπὸ
1235 930 1556 987 Πελοποννήσου
1580 951 1660 988 μη-
1771 936 1774 939 “

224 999 294 1039 osv
324 997 528 1051 μηδαμῶς
557 996 689 1043 οἷεικὲς
709 996 936 1050 ἐπιφέρειν,
965 992 1070 1037 ὥστε
1092 991 1474 1049 ἀνδραποδίζεσθαι
1501 994 1528 1051 ἢ
1559 993 1659 1040 ἄλλο
1765 989 1774 1043 l

222 1078 262 1103 τι
290 1061 510 1114 ἀνήκεστον
549 1066 693 1112 ποιεῖν,
731 1056 818 1102 ἄλλ’
846 1062 1119 1114 ἐμμενόντων,
1160 1060 1491 1116 ὑποστρέφοντες
1519 1065 1561 1111 ἐς
1587 1062 1659 1105 τὸν

220 1127 361 1179 χαῖρον
400 1126 534 1166 αὐτοῦ
574 1124 741 1172 ἕκαστος
772 1125 845 1165 καί
879 1127 937 1172 εἰς
977 1123 1026 1165 τοὶ
1060 1126 1204 1166 οἰκεῖα.
1278 1127 1351 1165 καί
1376 1127 1415 1167 εἰ
1440 1125 1498 1180 μὴ
1533 1129 1656 1169 τοῦτο
1764 1182 1767 1183 ⁷

222 1193 449 1238 πείσονται,
477 1187 548 1230 καί
576 1187 703 1236 αὐτὸς
729 1187 816 1240 ἅμα
845 1193 930 1236 τοῖς
965 1188 1176 1237 Ουένετοῖς
1201 1188 1454 1245 περιόψεται,
1485 1194 1656 1244 πέμπων
1671 1204 1713 1237 15

222 1251 378 1302 αὕτούς
397 1254 527 1295 ταῦτα
557 1252 882 1306 ἁμαρτάνοντας,
909 1253 946 1294 οἱ
973 1255 1049 1304 μὲν
1071 1255 1305 1308 ἐπείθοντο,
1323 1253 1395 1296 καί
1408 1253 1552 1310 κρύφα
1575 1258 1658 1298 τῶν

179 1318 434 1361 nodewet&
480 1317 800 1371 ὑποστρέφοντες
830 1316 972 1369 ἔμενον
995 1319 1037 1358 ὲν
1063 1324 1145 1366 τοῖς
1175 1320 1350 1368 οἰκείοις.
1382 1318 1421 1361 οἱ
1449 1321 1495 1361 δὲ
1514 1322 1659 1368 δεινῶς

220 1382 489 1436 κατεχόμενοι
505 1385 548 1424 ἐν
564 1384 618 1437 τῷ
640 1381 831 1437 Ταινάρῳ
846 1381 1040 1434 ἔπεμπον,
1056 1383 1293 1426 πεύσεσθαί
1302 1401 1337 1426 τι
1355 1382 1655 1426 οἷπόΠαιόνων.

220 1447 259 1489 οἱ
282 1449 363 1501 γὰρ
395 1446 592 1489 Οὕενετοί
618 1448 712 1494 τούς
755 1462 800 1488 τε
845 1449 1205 1501 Πελοποννησίους
1250 1449 1322 1490 καί
1360 1448 1459 1498 τούς
1493 1449 1659 1504 ἐτέρους

221 1513 598 1566 παραμυθοῦντες,
643 1511 701 1558 ὥς
735 1509 773 1552 οἱ
814 1513 999 1560 Παίονες
1027 1514 1249 1562 ἑξέλθωσιν
1289 1514 1439 1555 αὐτίκα
1466 1513 1547 1555 α’πὸ
1579 1517 1712 1557 τοῦ20

209 1573 394 1630 Ἴστρου,
428 1575 498 1616 καί
525 1577 648 1616 αιῖτοί
675 1576 877 1628 α’ναβῆναι
906 1577 948 1623 ἐς
975 1575 1044 1616 τόν
1066 1577 1371 1629 Ἑλλήσποντον.
1406 1579 1654 1620 α’πελαύνον-

221 1656 287 1690 τος
315 1642 453 1693 μέντοι
481 1642 553 1682 τοῦ
582 1639 773 1693 ἡγεμόνος
800 1642 876 1681 τοῦ
897 1642 1116 1692 βασιλέως,
1148 1641 1285 1682 αὐτῶν
1310 1643 1519 1685 Ουένεταῖν
1533 1645 1653 1698 τριή-

317 1755 370 1788 12.
401 1752 421 1797 ἢ
446 1765 503 1786 om
527 1755 551 1787 P

224 1864 325 1899 ctus,
366 1859 428 1902 qui
463 1858 507 1890 ab
544 1857 634 1890 belli
670 1858 745 1890 iure
783 1859 968 1892 mansisset
1002 1859 1178 1900 intactus,
1203 1870 1320 1893 verum
1348 1861 1436 1894 belli
1460 1867 1652 1907 tempestas

226 1906 342 1937 onmia
382 1904 586 1937 foedissime
619 1903 834 1948 dissipasset.
893 1916 953 1937 rex
987 1910 1025 1937 ut
1059 1904 1315 1950 Thermopylas
1351 1908 1490 1951 attigit,
1516 1909 1652 1943 audivit

223 1952 381 1984 Venetos
426 1951 549 1984 relicto
590 1949 721 1982 Isthmo
760 1950 913 1990 abiisse,
951 1956 990 1983 ut
1014 1957 1206 1995 appetente
1232 1963 1311 1986 vere
1335 1954 1492 1988 redirent
1514 1955 1553 1987 in
1579 1956 1650 1988 Eu-

225 1997 351 2029 boeam
381 2002 417 2029 et
455 1997 522 2028 ista
547 1997 624 2028 loca
647 1996 765 2028 omnia
792 1997 828 2028 in
868 1996 1044 2029 dicionem
1069 1998 1278 2041 acciperent.
1327 2011 1421 2032 nunc
1445 2000 1475 2033 si
1504 2003 1653 2041 veniam,

225 2043 269 2075 ad
295 2053 400 2087 quam
425 2042 524 2075 vobis
548 2047 644 2074 tutus
681 2047 843 2086 receptus
879 2047 955 2083 est,
980 2054 1099 2076 eorum
1127 2055 1216 2087 quae
1241 2045 1463 2079 commisistis
1491 2048 1652 2097 turpiter,

225 2089 366 2133 decepti
393 2099 413 2119 a
439 2088 595 2131 pessimis
621 2087 941 2131 Peloponnesiacis‚
977 2090 1037 2132 qui
1064 2089 1156 2121 nihil
1184 2091 1258 2122 sani
1285 2092 1418 2134 regioni
1446 2093 1503 2125 isti
1526 2104 1653 2127 consu-

226 2136 336 2175 luere,
360 2134 514 2178 amplexi
540 2133 677 2165 fueritis
698 2157 707 2172 ,
746 2134 816 2165 scio
843 2135 906 2177 (sic
932 2135 1024 2166 enim
1060 2137 1240 2179 praecepit
1265 2138 1339 2182 rex)
1367 2148 1427 2170 vos
1455 2137 1545 2171 nihil
1569 2140 1652 2172 mali

226 2191 404 2225 passui-0⁸3
442 2190 507 2212 nec
541 2179 587 2211 ad
606 2179 863 2222 mancipiorum
892 2181 1126 2214 miserandam
1151 2181 1391 2214 condicionem
1416 2182 1652 2226 deducemini,

225 2238 291 2259 nec
328 2226 425 2258 aliud
462 2226 650 2270 quicquam
691 2225 774 2257 mali
820 2227 1062 2270 experiemini.
1121 2227 1335 2272 proinde-si
1367 2228 1485 2272 placet
1514 2232 1652 2264 veniam

226 2272 379 2304 oblatam
414 2271 618 2310 admittere,
648 2270 774 2314 singuli
813 2270 857 2302 ad
897 2283 958 2304 sua
984 2276 1212 2305 revertantur.
1262 2273 1388 2317 quodsi
1413 2274 1568 2308 oblatam
1591 2288 1652 2310 ve-

224 2319 318 2352 niam
343 2318 562 2362 respueritis,
583 2317 743 2360 profecto
777 2327 837 2349 rex
866 2328 952 2357 vos,
986 2318 1277 2361 quemadmodum
1311 2325 1346 2352 et
1382 2319 1549 2362 Venetos,
1589 2322 1655 2356 ho-

224 2365 329 2398 stium
354 2364 433 2396 loco
461 2362 644 2395 habebit.’'
690 2362 744 2395 his
777 2363 924 2405 cognitis
963 2363 1105 2407 quidam
1143 2374 1261 2396 eorum
1288 2365 1348 2408 qui
1383 2366 1420 2398 in
1446 2377 1560 2410 regem
1589 2368 1653 2402 de·

225 2411 428 2455 liquerant,
451 2410 587 2442 veniam
618 2419 690 2441 non
736 2413 818 2441 sunt
853 2410 1051 2452 aspernati;
1090 2415 1125 2442 et
1163 2410 1251 2442 clam
1290 2410 1493 2445 deficientes
1524 2425 1543 2446 a
1578 2414 1653 2448 Ve-

224 2457 315 2489 netis
355 2455 400 2488 ad
437 2466 498 2487 sua
532 2459 613 2487 sunt
652 2454 790 2498 dilapsi.
855 2454 997 2499 quidam
1033 2465 1112 2487 vero
1160 2457 1218 2499 qui
1254 2457 1405 2499 graviter
1437 2457 1651 2493 obsideban-

225 2508 282 2534 tur
324 2502 361 2534 in
399 2502 584 2540 Taenaro,
624 2501 796 2533 miserunt
838 2500 982 2533 nuntios
1006 2525 1014 2539 ,
1055 2506 1094 2533 ut
1138 2501 1223 2544 quid
1258 2507 1424 2546 pararent
1469 2504 1651 2539 pannones

227 2547 401 2580 audirent.
463 2557 544 2580 nam
567 2546 695 2579 Veneti
735 2546 908 2579 consolari
933 2545 1026 2578 haud
1063 2550 1248 2580 cessabant
1277 2549 1589 2593 Peloponnesiacos
1615 2558 1652 2585 et

228 2594 325 2634 alios,
349 2593 507 2626 dicentes
534 2592 620 2625 “ubi
648 2593 796 2637 primum
827 2591 1009 2625 Pannones
1034 2591 1077 2623 ab
1103 2593 1192 2626 Istro
1220 2594 1349 2627 suerint
1372 2597 1559 2639 progressi,
1585 2609 1649 2630 uos

227 2650 303 2672 cum
338 2640 448 2672 classe
473 2641 510 2672 in
543 2638 815 2683 Hellespontum
849 2639 1093 2671 revertemur.’'
1151 2640 1266 2683 regius
1304 2639 1375 2672 dux
1409 2641 1648 2676 Machumetes

226 2696 303 2718 cum
328 2684 495 2725 abiisset,
528 2685 745 2719 Venetorum
775 2684 932 2718 triremes
960 2685 1175 2729 appulerunt
1213 2686 1249 2718 in
1275 2687 1464 2727 Lemnum,
1495 2687 1647 2733 impulsu
