1774 3204
246 183 341 232 214
578 192 797 234 LAoNlcl
832 193 1338 236 CHALCOCONDYLAE

246 284 398 328 ἑαυτοῦ
418 288 543 342 α’ρχῇ,
572 288 628 336 ὥς
658 287 857 344 πρότερόν
884 306 954 343 μοι
987 289 1259 348 δεδήλωται),
1288 286 1411 341 οὗτος,
1432 294 1478 334 δὲ
1507 289 1583 335 οὖν
1609 294 1679 336 ἐπὶ

245 349 338 398 τούς
369 351 592 401 Ουένετούς
629 352 812 406 ἐξήνεγκε
843 355 1037 408 πόλεμον,
1062 354 1134 395 καί
1160 355 1235 403 τὰς
1254 356 1434 409 Ἀθήνας
1450 356 1676 412 ἐπολιόρκει

245 418 463 467 προσέχων
492 420 779 468 ἐντεταμένως.
808 417 845 459 οἱ
880 422 1018 470 μέντοι
1040 419 1232 461 Ουένετοί
1249 419 1381 462 δεινὸν
1410 422 1676 476 ποιησάμενοι

245 483 556 534 πολιορκεῖσθαι
592 482 667 535 τήν
694 482 813 523 πόλιν
844 485 1004 538 αὐτῶν,
1033 487 1104 525 καί
1131 482 1300 535 α’μύνειν
1327 485 1580 541 βουλόμενοι,
1606 486 1678 527 καί

198 545 314 584 Βέπί
341 544 412 598 τὴν
446 547 595 600 Θηβῶν
621 546 906 599 διανοούμενοι
938 546 1057 589 πόλιν
1088 551 1208 602 ἰέναι,
1239 548 1415 602 στρατόν
1433 566 1475 591 τε
1496 550 1566 592 τὸν
1592 549 1708 591 α’πόὸ

242 610 315 661 τῆς
343 610 524 662 Εὐβοίας
566 609 663 652 ὅσον
707 610 912 665 ἠδύναντο
940 614 1209 661 συλλέξαντες
1236 614 1307 653 καί
1337 613 1561 668 ὁπλισμόν,
1591 615 1672 656 α’πὸ

243 675 316 726 τῆς
344 675 530 726 Ευ’βοιάς
574 674 760 728 ἐχώρουν
801 678 870 717 ἐπὶ
900 676 974 730 τήν
1000 677 1210 718 Βοιωτίαν
1253 680 1323 718 καί
1348 679 1418 719 ἐπί
1443 679 1519 732 τὴν
1547 681 1674 720 πόλιν·

242 738 456 785 Ἀντώνιος
496 741 542 780 δὲ
580 740 816 791 πυθόμενος
844 739 1194 790 τοὺςὈυένετοὺς
1232 746 1582 795 στρατευομένους
1612 745 1677 785 ἐπ’

243 801 382 854 αὐτόν,
411 802 563 856 λόχους
591 803 864 859 ποιησάμενος
895 805 1058 853 διττούς
1087 805 1192 846 κατὰ
1220 806 1292 859 τὴν
1321 806 1417 848 ὁδὸν
1444 803 1472 862 ᾗ
1496 805 1673 848 ἐπύθετο

241 868 465 918 μέλλοντας
512 869 838 922 διαπορεύεσθαι
878 868 972 918 τούς
1002 886 1045 911 τε
1084 871 1268 922 Εὐβοέας
1308 868 1394 922 ἅμα
1424 871 1495 912 καί
1521 871 1731 914 Ouiae-10

243 931 366 984 τούς,
397 931 468 972 τὸν
507 934 585 984 μὲν
613 931 860 986 ἐνεδρεύσας
902 936 944 982 ἐς
974 933 1020 975 τὸ
1051 935 1191 987 πρόσω
1228 937 1299 988 τῆς
1327 935 1430 975 ὁδοῦ
1456 935 1528 977 τὸν
1556 937 1602 977 δὲ
1631 938 1675 984 ἐς

243 995 287 1036 τὸ
322 991 517 1047 ὄπισθεν,
547 997 740 1048 ἐπέμενεν
768 999 965 1050 ἐμβαλεῖν
1003 1001 1043 1046 ἐς
1070 999 1116 1039 τὸ
1159 1001 1286 1051 μέσον
1313 1001 1412 1047 τούς
1436 1001 1674 1052 πολεμίους.

244 1062 430 1101 ἐνταῦθα
458 1055 531 1101 οὖν
558 1058 614 1110 αἷς
643 1059 681 1102 οἱ
712 1061 906 1103 Ουένετοί
943 1064 1187 1118 ἐπορεύοντο
1221 1067 1291 1105 ἐπὶ
1323 1063 1394 1118 τὴν
1427 1065 1576 1118 Θηβῶν
1600 1066 1676 1104 no'-
1714 1094 1719 1098 -

244 1129 308 1172 λιν
340 1127 491 1179 (διέχει
520 1127 556 1166 δ’
586 1127 610 1179 ἦ
640 1125 758 1175 πόλις
786 1124 891 1180 αὕτη
931 1127 1011 1167 α’πὸ
1043 1128 1224 1177 Εὖβοίας
1246 1131 1443 1177 σταδίους
1466 1130 1567 1170 ὡσεί
1595 1129 1674 1184 ρν’)

245 1188 318 1230 καί
354 1186 483 1245 ᾔεσαν
525 1193 820 1243 ἐξωπλισμένοι
848 1208 893 1233 τε
933 1191 1021 1244 ἅμα
1063 1195 1133 1232 καί
1171 1193 1314 1234 πολλοὶ
1351 1189 1462 1242 ὄντες
1499 1193 1570 1235 ἐπὶ
1601 1194 1674 1241 τοὶς
1689 1200 1730 1232 15

117 1255 391 1308 Ρ-114Θὴβας
422 1252 548 1308 (ἦσαν
580 1256 625 1295 δὲ
656 1255 770 1310 ἀμφὶ
795 1255 889 1304 τούς
911 1254 1258 1312 ἑξακισχιλίους),
1286 1257 1491 1299 ἐπιπεσών
1517 1257 1677 1306 τούτοις

247 1317 370 1374 ἄφνω
397 1318 418 1360 ο
451 1318 689 1371 Ἀντώνιος,
727 1319 835 1373 ἔχων
862 1320 965 1361 κατὰ
992 1320 1112 1369 ,τούς
1142 1321 1293 1374 λόχους
1322 1322 1372 1361 οὐ
1402 1324 1566 1370 πλειόυς
1593 1324 1676 1363 τῶν

251 1386 508 1437 τριακοσίων,
538 1387 610 1425 καί
635 1386 703 1425 ἀπ’
733 1386 891 1440 ἀμφοῖν
922 1383 1010 1437 ἅμα
1038 1387 1253 1440 ἐπιφανεῖς
1277 1391 1360 1433 τοῖς
1393 1387 1606 1435 Ουένετοῖς
1635 1388 1677 1435 ἐς

248 1448 383 1503 φυγήν
411 1464 455 1489 τε
501 1451 703 1504 ἐτρέψατο
721 1483 732 1502 ,
773 1451 843 1491 καί
869 1450 1044 1498 πολλούς
1074 1466 1115 1492 τε
1146 1452 1285 1492 αὐτῶν
1313 1452 1551 1506 διέφθειρε,
1579 1452 1677 1500 τούς

248 1516 294 1555 δὲ
322 1511 543 1568 ἐζώγρησε,
574 1517 646 1555 καί
674 1514 772 1562 τούς
798 1514 887 1555 τότε
916 1514 1119 1569 ἡγεμόνας
1139 1517 1210 1567 τῆς
1237 1514 1380 1569 χώρας
1409 1516 1544 1557 αὐτῶν
1571 1516 1732 1566 ἐξω-20

246 1593 384 1631 γρησε.
442 1579 512 1618 καί
537 1578 669 1619 ἀπιών
699 1575 825 1626 αὖθις
855 1581 897 1627 ἐς
922 1581 1103 1621 τούπίσω
1132 1580 1362 1631 ἐπολιόρκει
1388 1578 1460 1634 τὴν
1484 1579 1677 1634 Ἀθηνῶν

247 1644 391 1696 πόλιν,
419 1644 461 1691 ἐς
505 1642 529 1682 ὃ
557 1644 606 1697 δὴ
637 1646 863 1698 προδοσίαν
902 1647 1164 1695 συνθεμένων
1193 1645 1309 1699 αὐτῷ
1336 1647 1416 1685 τῶν
1445 1645 1677 1699 Ἀθηναίων

247 1828 312 1860 bus
339 1827 570 1860 circumsedit.
596 1827 725 1860 Veneti
750 1839 851 1871 aegre
877 1828 1038 1860 ferebant
1067 1828 1188 1860 urbem
1214 1839 1310 1860 suam
1336 1827 1522 1860 obsidione
1546 1828 1669 1871 premi.

247 1879 374 1917 parant
399 1874 506 1916 igitur
533 1885 606 1906 eam
632 1873 819 1907 obsidione
845 1874 991 1906 solvere.
1054 1880 1088 1906 et
1113 1886 1189 1906 cum
1216 1874 1422 1906 statuissent
1447 1873 1570 1906 hostili
1594 1874 1673 1906 ani-

248 1930 306 1951 mo
333 1920 508 1965 proficisci
540 1924 660 1952 contra
679 1920 840 1959 Thebas,
864 1921 1055 1952 exereitum
1092 1931 1134 1951 ex
1161 1920 1303 1952 Euboea
1329 1925 1498 1963 quantum
1523 1924 1673 1963 potuere

251 1971 507 2010 compararunt,
533 1976 672 1997 necnon
699 1967 836 2010 reliqua
862 1976 952 2009 quae
975 1965 1019 1997 ad
1037 1965 1279 1998 instruendum
1304 1966 1495 1998 exercitum
1521 1966 1674 1998 attinent

250 2011 482 2055 collegerunt.
531 2017 568 2044 et
603 2012 647 2043 ab
673 2011 816 2044 Euboea
849 2017 942 2044 recta
967 2017 1108 2044 movent
1143 2014 1179 2044 in
1205 2013 1385 2044 Boeotiam
1410 2017 1446 2044 et
1470 2016 1592 2044 contra
1611 2022 1671 2043 ur-

248 2058 341 2090 bem.
391 2057 564 2090 Antonius
599 2063 639 2089 ut
662 2059 797 2101 accepit
819 2057 975 2090 Venetos
1013 2064 1131 2089 contra
1158 2068 1194 2089 se
1229 2069 1305 2089 cum
1332 2058 1486 2090 exercitu
1512 2067 1672 2101 pergere,

249 2115 330 2136 suos
365 2104 402 2135 in
440 2103 526 2135 duas
556 2109 685 2135 turmas
713 2105 887 2147 partitur,
914 2114 1000 2147 quas
1028 2104 1120 2135 locat
1144 2104 1179 2134 in
1202 2104 1259 2135 via
1291 2114 1355 2148 per
1382 2113 1486 2147 quam
1515 2103 1671 2135 Venetos

249 2155 286 2182 et
312 2149 538 2182 Euboeenses
577 2150 644 2181 iter
676 2150 829 2182 facturos
864 2155 1079 2193 compertum
1119 2149 1283 2182 habebat.
1345 2159 1448 2180 unam
1485 2149 1606 2192 posuit
1633 2149 1670 2180 in

248 2196 389 2235 fronte,
426 2195 572 2227 alteram
613 2199 696 2227 uta
723 2201 820 2238 tergo
858 2201 950 2228 esset
987 2196 1055 2227 iter
1090 2195 1267 2237 ingressis.
1317 2194 1447 2227 deinde
1473 2196 1672 2238 expectavit

249 2241 363 2274 donec
392 2240 512 2273 hostes
552 2252 595 2273 ex
618 2243 805 2284 improviso
842 2242 879 2273 in
902 2240 1055 2273 medium
1089 2241 1261 2274 venirent.
1310 2240 1440 2273 Veneti
1466 2239 1671 2283 progredie-

248 2288 379 2320 bantur
416 2287 460 2318 ad
497 2287 616 2319 urbem
644 2287 809 2327 Thebas,
843 2297 933 2331 quae
975 2287 1097 2319 aberat
1137 2287 1180 2318 ab
1208 2286 1350 2318 Euboea
1386 2286 1507 2319 stadiis
1530 2291 1670 2318 centum

249 2334 518 2379 quinquaginta.
563 2344 729 2366 numerus
754 2339 872 2365 autem
901 2343 1021 2366 eorum
1048 2332 1110 2377 qui
1138 2342 1232 2364 arma
1256 2332 1388 2364 Thebis
1413 2332 1543 2364 inferre
1567 2343 1671 2375 para-

247 2380 348 2421 bant,
373 2379 672 2423 complectebatur
697 2390 758 2411 sex
791 2379 889 2411 milia
913 2379 1076 2411 militum.
1133 2379 1332 2418 Antonius,
1357 2389 1435 2410 cum
1461 2379 1499 2410 iu
1523 2378 1670 2410 insidias

248 2426 367 2458 hostes
390 2426 614 2470 praecipitati
637 2431 763 2465 essent,
790 2425 826 2456 in
851 2424 915 2457 hos
940 2424 1098 2469 undique
1122 2430 1272 2464 coortus,
1298 2423 1434 2456 habens
1461 2424 1498 2456 in
1523 2424 1669 2466 singulis

248 2473 371 2504 turmis
398 2483 470 2504 non
495 2472 587 2504 ultra
611 2476 665 2504 ter
687 2477 874 2510 centenos,
901 2471 1006 2503 simul
1031 2471 1188 2515 utrisque
1211 2481 1384 2514 apparens
1406 2470 1526 2502 hostes
1552 2469 1668 2513 fugam

248 2520 400 2561 arripere
428 2518 555 2560 coegit,
580 2517 740 2562 plurimis
765 2518 873 2549 caesis
899 2522 934 2549 et
959 2517 1080 2560 captis.
1130 2519 1236 2549 etiam
1263 2517 1438 2560 principes
1463 2515 1524 2560 qui
1549 2526 1668 2547 eorum

247 2565 425 2606 regionem
453 2563 716 2607 gubernabant,
757 2563 852 2607 cepit
873 2563 981 2595 vivos.
1044 2563 1126 2595 hine
1150 2563 1279 2594 cedens
1305 2572 1460 2595 reversus
1487 2566 1550 2602 est,
1577 2560 1668 2593 unde

248 2609 423 2653 digressus
453 2615 538 2649 erat,
563 2609 608 2642 ad
632 2609 854 2642 obsidionem
882 2609 1107 2642 Athenarum.
1135 2608 1179 2640 ad
1202 2608 1292 2640 hanc
1315 2608 1435 2641 urbem
1461 2608 1576 2651 copias
1603 2606 1669 2638 ha·-

247 2655 339 2695 buit,
363 2656 476 2688 donec
505 2655 647 2700 quidam
674 2655 906 2688 Athenienses
932 2660 1034 2700 pacto
1062 2654 1306 2687 intercedente
1342 2665 1407 2699 per
1431 2652 1669 2698 proditionem

249 2702 368 2734 urbem
410 2701 502 2735 hosti
534 2702 725 2735 traderent.
775 2701 904 2734 deinde
936 2701 1056 2746 paucis
1091 2701 1215 2734 diebus
1245 2705 1325 2746 post
1350 2706 1385 2733 et
1412 2710 1536 2739 arcem,
1564 2709 1668 2744 quam
