1858 3210
482 193 555 232 DE
593 191 767 232 nenos
806 172 1060 235 TURcici's
1099 195 1147 234 L.
1178 195 1248 233 iv.
1484 190 1581 234 205

232 290 335 334 Τότε
376 293 455 345 μὲν
494 286 570 332 οὖν
598 289 823 346 παρασχὸν
852 293 1000 347 σφίσιν
1027 293 1081 334 ·ἑν
1108 293 1298 346 βελτίονί
1318 307 1364 334 τε
1393 293 1446 349 τῇ
1475 291 1584 347 πρό..

114 361 219 402 σθεν
249 359 323 401 ἐπὶ
350 355 480 399 πολὺν
515 355 669 411 χρόνον
708 357 779 398 αἐἰ
810 356 1066 399 καταστάσει
1095 357 1330 413 ἐτύγχανον
1367 353 1501 414 ὄντες,
1531 352 1584 399 εὖ
1595 371 1620 403 Β

114 422 392 479 πράττοντες,
436 423 508 466 καί
535 422 612 477 τήν
650 438 696 464 τε
737 421 1067 479 Πελοπόννησον
1104 427 1372 468 καθίστασαν
1417 426 1490 467 έπί
1532 424 1581 466 τὸ

113 490 240 548 σφίσι
262 492 413 532 δοκοῦν
450 489 557 540 ἕξειν
597 489 654 538 ὥς
696 487 1026 545 συμφεριότατα.
1094 489 1398 550 Ἐμμανουήλῳ
1437 493 1581 544 μέντοι

79 558 300 612 5ἒγένοντο
329 558 476 605 παῖδες
507 551 531 596 δ’
562 571 606 598 τε
634 554 823 611 Ἰωάννης
845 555 865 597 ὁ
885 557 1185 612 πρεσβύτερος,
1219 554 1266 598 ὃν
1295 558 1346 612 δὴ
1379 563 1465 606 τοῖς
1486 554 1582 598 Ἓλ-

113 627 234 679 λησιν
253 622 504 674 ἀπεδείξατο
524 625 718 676 βασιλέα,
748 624 822 664 καί
845 621 1114 678 Ἀνδρόνικος
1135 623 1208 665 καί
1227 623 1448 678 Θεόδωρος
1472 623 1581 676 μετὰ
1595 629 1636 663 V.
1650 629 1698 664 86

111 692 263 732 τοῦτον
301 691 373 732 καί
409 691 734 738 Κωνσταντῖνος
777 687 851 730 καί
890 687 1134 744 Δημήτριος
1180 692 1253 731 καί
1294 691 1467 742 Θωμᾶς.
1525 691 1584 748 τῷ

110 759 254 810 μέντοι
281 754 448 812 Ἰωάννῃ
477 757 536 812 τῷ
564 757 836 812 πρεσβυτέρῳ
856 790 867 810 ,
894 754 1061 798 πάντων
1091 758 1174 798 τῶν
1205 751 1344 798 ἄλλων
1376 758 1584 815 κρατίστῳ

23 867 25 870 ⁴
112 823 302 864 δοκοῦντι
333 823 547 876 γενέσθαι,
581 820 655 876 τήν
687 837 730 863 τε
769 822 992 874 βασιλείαν
1020 824 1238 877 ἐπέτρεψε,
1272 824 1345 863 καί
1370 821 1451 863 α’πὸ
1481 824 1585 865 Ἰτα-

56 889 206 938 iollas·
233 887 433 942 α’γόμενος
463 887 577 944 adu?
621 892 801 941 γυναῖκα
839 889 916 929 τοῦ
951 889 1240 944 Μονφεράτου
1272 886 1475 944 ἡγεμόνος
1504 891 1584 931 θυ-

107 955 278 1010 'yar-4902,
299 955 462 1009 ἐπιεικῆ
484 957 564 1007 μὲν
589 954 663 995 τὸν
697 952 854 1008 τρόπον
885 950 997 1010 οἷηὸῆ
1029 956 1075 998 δὲ
1099 953 1174 1010 τὴν
1204 950 1319 1008 ὄψιν,
1350 953 1583 1010 διαδήματι

107 1020 340 1070 ταινιώσας
356 1016 560 1075 α’ρχιερέα
579 1035 622 1062 τε
647 1022 720 1062 καί
735 1023 916 1074 βασιλέα
933 1019 1136 1075 ἐστήσατο
1154 1027 1241 1071 τοῖς
1259 1017 1445 1077 Ἕλλησι.
1474 1020 1581 1063 ταύ-

106 1103 182 1142 την
210 1087 288 1140 μὲν
315 1081 405 1142 οὖν,
433 1087 490 1136 ὥς
520 1081 616 1128 οὔτε
634 1083 811 1144 συνῴκει
834 1081 935 1128 οὔτε
964 1088 1215 1142 συνεγένετο,
1247 1089 1290 1138 ἐς
1318 1085 1447 1142 ἔχθος
1474 1089 1622 1144 (ἶφι-ρ

106 1151 281 1206 κόμενος
305 1155 378 1195 καὶ
398 1153 539 1209 ἀηδῶς
558 1151 668 1207 ἔχων
696 1153 802 1210 αὐτῇ
821 1154 895 1195 ἐπί
918 1169 1011 1196 τινα
1042 1153 1210 1208 χρόνον,
1241 1153 1315 1196 καί
1343 1153 1368 1210 ἥ
1387 1169 1430 1196 τε
1468 1153 1576 1209 γυνὴ

51 1222 182 1262 15τοῦ
209 1221 419 1270 βασιλέως
451 1220 612 1273 ἐνεώρα
640 1221 684 1268 ἐς
711 1218 846 1274 αὐτὴν
874 1218 945 1262 τὸν
971 1217 1106 1275 ἄνδρα
1132 1216 1275 1276 ἇηὸὤς
1306 1219 1473 1274 ἔχοντα,
1504 1223 1580 1263 καί

106 1285 241 1341 αὐτὴν
269 1284 592 1340 ἀπεχθάνεσθαι
622 1288 680 1344 τῷ
711 1287 840 1341 α’νδρί
867 1290 910 1336 ἐς
938 1285 991 1328 τὰ
1025 1286 1225 1343 μάλιστα,
1258 1287 1443 1341 ἐπιβᾶσα
1473 1285 1577 1335 νεώς

104 1347 235 1411 ᾤχετο
263 1352 548 1396 ἀποπλέουσαν
567 1352 638 1395 ε’πί
662 1355 841 1404 Ἰταλίας
877 1351 995 1407 παρὰ
1017 1353 1116 1403 τοὺς
1141 1352 1439 1409 προσήκοντας.
1470 1353 1575 1409 η’γά..

104 1434 199 1473 γετο
228 1420 276 1461 δὲ
306 1424 485 1473 γυναῖκα
515 1417 592 1473 τὴν
624 1419 707 1460 α’πὸ
742 1421 1012 1472 Σαρματιάς,
1044 1421 1119 1460 τοῦ
1147 1421 1389 1475 Σαρματῶν
1416 1419 1576 1476 ἡγεμό-

103 1500 173 1534 νος
202 1486 434 1539 θυγατέρα.
509 1480 632 1533 οῧτος
671 1488 749 1536 μὲν
789 1479 863 1527 οὖν
903 1484 1014 1527 οὕτω
1065 1486 1276 1534 διατεθείς
1314 1488 1574 1541 ἐβασίλευεν,

45 1557 92 1593 20
105 1552 355 1609 Ἀνδρονίκῳ
396 1553 476 1604 μὲν
502 1551 576 1605 τήν
606 1567 650 1593 τε
683 1554 854 1606 Θέρμην
895 1553 1128 1607 ἐπέτρεψεν
1156 1553 1311 1603 οἰκεῖν,
1344 1553 1471 1608 ἀνδρί
1496 1553 1573 1594 οιῖκ

104 1619 273 1673 α’γενιεῑ·
291 1618 400 1671 μετά
428 1633 475 1672 γε
511 1615 709 1673 Ἰωάννην
735 1616 808 1659 τὸν
835 1621 1028 1671 βασιλέα.
1100 1621 1174 1660 καί
1199 1619 1275 1661 ἐπί
1297 1636 1393 1661 τινα
1419 1618 1573 1674 χρόνον

103 1684 395 1740 διαγενόμενος
423 1687 467 1734 ἐς
496 1682 620 1727 νόσον
649 1687 877 1741 περιῆλθεν
904 1685 1218 1742 ἐλεφαντίασιν,
1247 1685 1321 1728 καί
1346 1685 1422 1741 τήν
1457 1687 1572 1742 Θέρ-

146 1827 157 1841 A
198 1803 229 1836 1-
253 1805 450 1851 παρέσχον
479 1803 504 1837 Ρ

193 1911 297 1946 Tunc
320 1911 468 1959 quidem
497 1924 575 1945 cum
603 1913 855 1958 experirentur
881 1913 972 1957 regis
994 1911 1151 1945 favorem
1170 1911 1313 1953 Graeci,
1339 1911 1448 1957 longo
1475 1917 1567 1945 tem-

97 1970 186 2004 pore
211 1959 404 1994 admodum
444 1960 602 1993 feliciter
635 1960 738 1993 rebus
763 1965 848 1994 sunt
874 1963 940 1993 usi.
992 1959 1246 2005 Peloponneso
1282 1971 1361 1992 eam
1388 1959 1565 1993 induxere

97 2007 245 2040 formam
283 2019 389 2054 quam
437 2007 762 2041 commodissimam
811 2009 890 2041 fore
932 2006 1155 2040 iudicabant.
1223 2007 1397 2040 Emanuel
1435 2007 1566 2040 habuit

96 2053 204 2096 filios,
232 2055 404 2088 Ioannem
430 2055 620 2095 seniorem,
649 2066 756 2100 quem
782 2055 928 2088 Graecis
958 2066 1076 2098 regem
1104 2054 1225 2094 dedit,
1254 2054 1500 2088 Andronicum
1529 2060 1564 2087 et

93 2101 335 2143 Theodorum,
362 2107 551 2148 praeterea
580 2102 860 2135 Constantinum
891 2103 1115 2136 Demetrium
1140 2108 1177 2135 et
1196 2101 1384 2135 Thomam.
1436 2102 1565 2134 Ioanni

92 2149 258 2191 seniori,
292 2150 355 2196 qui
395 2150 546 2194 reliquis
574 2150 627 2183 vir
659 2151 788 2183 melior
815 2160 892 2182 esse
930 2149 1152 2195 apparebat,
1194 2161 1341 2193 regnum
1371 2149 1563 2182 commisit.

93 2195 209 2230 eidem
237 2208 384 2231 uxorem
410 2196 511 2230 dedit
542 2208 585 2230 ex
610 2197 715 2230 Italia
742 2197 1017 2230 Montferrariae
1045 2197 1218 2242 principis
1246 2197 1392 2243 filiam,v
1405 2196 1565 2229 moribus

94 2243 242 2289 quidem
265 2244 466 2289 praeditam
488 2245 644 2289 optimis,
671 2250 852 2278 caeterum
880 2244 993 2277 forma
1020 2244 1205 2277 illiberali.
1259 2243 1467 2276 diademate
1497 2244 1565 2287 igi-

92 2295 152 2324 tur
177 2297 285 2337 caput
310 2291 376 2325 filii
401 2293 559 2336 cingenS‚
590 2303 671 2324 eum
698 2302 816 2336 regem
838 2297 874 2325 et
892 2292 1103 2336 pontificem
1131 2292 1351 2324 Graecorum
1381 2302 1456 2323 esse
1486 2291 1562 2323 ius·

90 2338 150 2371 sit.
200 2349 358 2378 uxorem,
384 2350 489 2384 quam
527 2350 570 2371 ex
604 2339 709 2372 Italia
738 2340 915 2384 petierat,
945 2351 1019 2372 non
1059 2338 1211 2384 perinde
1242 2338 1289 2371 ob
1315 2338 1453 2371 formae
1482 2343 1563 2371 tur-

88 2384 292 2430 pitudinem
317 2387 468 2420 amabat.
518 2385 671 2430 proinde
696 2397 763 2419 nec
791 2385 1026 2420 cohabitabat
1050 2397 1116 2419 nec
1144 2386 1295 2419 Veneris
1322 2384 1453 2418 foedus
1480 2396 1563 2418 cum

89 2442 131 2464 ea
159 2432 301 2466 inibat:
342 2438 482 2467 tantum
519 2434 679 2466 mulieris
716 2433 929 2479 obrepserat
960 2433 1157 2466 fastidium.
1206 2433 1338 2465 mulier
1363 2432 1560 2466 advertens

89 2489 127 2512 se
151 2480 278 2513 marito
311 2491 389 2514 esse
424 2481 576 2514 invisam
603 2480 796 2514 admodum
815 2506 823 2520 ,
862 2492 988 2513 navem
1034 2479 1246 2512 conscendit
1291 2485 1327 2512 et
1354 2479 1398 2512 ad
1425 2490 1558 2524 genere

86 2527 311 2573 propinquos
338 2539 376 2560 se
401 2529 546 2572 recepit.
596 2529 672 2574 ipse.
694 2529 836 2561 interim
865 2529 1092 2560 uniti-inienio
1124 2527 1191 2559 sibi
1219 2527 1339 2559 iunxit
1361 2527 1558 2560 Sarmatiae

87 2573 196 2619 (quae
227 2580 263 2607 et
288 2575 424 2620 Russia)
443 2575 615 2620 principis
652 2576 775 2608 filiam.
826 2576 886 2607 hic
913 2574 1062 2620 quidem
1091 2575 1126 2606 in
1156 2575 1264 2606 istum
1296 2573 1444 2606 modum
1469 2576 1558 2607 affe·

85 2626 164 2654 ctus
191 2632 300 2665 regno
329 2622 496 2666 praefuit.
562 2622 768 2656 Andronico
800 2622 928 2656 'autem
966 2622 1117 2666 imperio
1160 2619 1350 2662 regendam
1379 2622 1559 2655 concessit

84 2666 288 2707 Thermam,
315 2669 375 2714 qui
400 2669 531 2702 virtute
556 2675 638 2715 post
662 2671 836 2703 Ioannem
862 2668 1040 2702 secundus
1067 2669 1161 2701 inter
1196 2668 1290 2700 filios
1321 2669 1435 2711 regios
1463 2673 1553 2702 erat.

84 2725 162 2748 cum
182 2715 379 2760 aliquando
410 2719 572 2761 tempore
600 2717 867 2761 supervixisset,
894 2717 932 2749 in
962 2715 1241 2760 elephantiasim
1268 2715 1408 2749 incidit.
1439 2715 1558 2749 Ther-

82 2772 176 2797 mam
203 2774 375 2809 quoque,
402 2769 441 2796 ut
468 2775 561 2810 quae
594 2775 668 2798 non
697 2765 855 2810 amplius
891 2763 1039 2797 retineri
1067 2767 1189 2808 posset
1214 2768 1364 2808 propter
1389 2774 1443 2797 res
1468 2763 1556 2797 civi·
