1800 3172
281 191 372 239 146
592 198 811 240 LAONJC!
853 199 1361 241 011A1„cocoNDYLAE

281 313 367 337 σον.
426 297 674 352 ἐπειγομένῳ
716 298 763 338 δὲ
801 296 876 350 τήν
919 299 991 339 ἐπὶ
1024 296 1099 351 τήν
1139 299 1284 339 Ἀσιάν
1311 297 1506 351 πορείαν,
1538 297 1714 340 ἐπύθετο

242 362 440 403 nazaha!
463 375 505 400 τε
534 360 609 414 τὴν
649 361 770 402 πόλιν
813 364 886 403 καί
915 362 1326 416 ἀνδραποδισαμενον
1367 361 1560 415 οἴχεσθαι
1588 358 1714 411 αὖθις

277 424 452 467 α’πιόντα
477 424 547 466 ἐπὶ
576 424 746 480 Χεριής.
803 424 858 474 ὥς
883 426 963 480 γάρ
996 425 1046 478 δὴ
1067 429 1320 481 προσέβαλεν
1345 428 1416 468 ἐπὶ
1438 427 1595 480 ἡμέρας
1620 425 1714 468 ἱκα-

277 492 363 544 νάς,
391 491 430 532 οἱ
458 489 540 531 α’πὸ
578 492 650 544 τῆς
675 489 834 539 πόλεως
874 489 1162 544 ἐξεκρούσαντο
1192 490 1264 532 τὸν
1296 489 1492 545 Τεμὴρεω
1519 489 1712 544 στρατόν.

279 557 465 597 ἐνταῦθα
504 553 614 607 ἔχων
653 558 750 607 μεθ’
791 553 942 596 ἑαυτοῦ
979 553 1159 607 ὀρυκτὰς
1205 557 1247 602 ἐς
1288 555 1617 608 ὀκτακισχιλίους
1645 555 1746 598 τόνὸ

167 626 265 659 v.61
282 618 478 673 ἀριθμόν,
510 617 760 672 ὑπώρυσσον
803 618 885 660 ὑπὸ
911 618 985 672 τὴν
1023 621 1099 672 γῆν
1126 616 1342 672 ὀρύγματα
1386 623 1565 674 φέροντα
1596 619 1638 668 ἐς
1666 619 1709 661 τὸ

279 691 416 737 τεῖχος
443 687 516 738 τῆς
558 684 716 732 πόλεως
765 685 996 739 ἁπανταχῇ.
1061 683 1134 724 καί
1157 682 1246 725 ἔνια
1289 686 1367 737 μὲν
1393 682 1431 725 οἱ
1458 686 1528 738 τῆς
1557 683 1713 731 πόλεως

277 745 453 806 ᾔσθοντό
481 764 548 800 τε,
577 751 651 790 καί
687 747 1008 802 ἀντορύσσοντες
1052 749 1125 790 καί
1151 749 1271 791 admi
1296 749 1584 802 ἐξεκρούσαντο
1601 766 1610 775 ·
1664 748 1714 790 τὰ

279 816 325 855 δὲ
355 815 465 854 πλέω
494 811 641 867 ἠνύετο
682 812 797 871 αὐτῷ
828 810 902 854 ἅτε
938 816 1184 870 πολυχειρίᾳ
1224 812 1523 866 ἐργαζομένων.
1579 811 1635 862 ὥς
1668 815 1715 855 δὲ

279 873 360 932 ἤδη
392 878 442 919 τὰ
471 877 588 932 τείχη
615 876 830 931 ὀρώρυκτο
863 879 933 918 καί
953 877 1023 919 ἐπὶ
1051 879 1185 928 ξύλων
1213 873 1293 933 ἤδη
1321 874 1370 932 ἦν
1398 881 1598 933 μετέωρα,
1627 881 1710 931 πῦρ
1728 889 1770 923 10

282 946 454 992 ἐνιέντες
486 941 723 997 κατεβλήθη
760 958 804 985 τε
833 942 885 984 τὰ
923 946 1040 996 τείχη
1078 941 1318 994 αὐτόματα,
1349 943 1421 984 καί
1457 941 1715 990 ἐπιπεσόντες

283 1010 466 1050 ἐνταῦθα
497 1006 534 1049 οἱ
579 1010 652 1048 τοῦ
685 1007 884 1062 Τεμὴρεω
921 1009 1172 1061 στρατιῶται
1201 1009 1437 1049 εἰσέπιπτον
1476 1005 1518 1056 ἐς
1543 1005 1614 1062 τὴν
1641 1005 1716 1047 πό-

244 1077 360 1125 (ἶλιν,
388 1074 460 1113 καί
483 1069 590 1113 οὕτω
616 1073 818 1125 κατέσχον
847 1071 988 1126 αὕτὴν.
1045 1074 1118 1112 καί
1141 1071 1238 1119 τούς
1263 1074 1341 1124 μὲν
1367 1066 1534 1126 ἄνδρας,
1561 1085 1716 1124 παρεγ-

281 1138 508 1191 γυή-σαντος
546 1139 620 1178 τοῦ
648 1140 878 1190 βασιλέως,
922 1139 1075 1178 αὐτίκα
1101 1134 1260 1184 ἑλόντες
1301 1135 1373 1190 τὴν
1402 1135 1522 1177 πόλιν
1549 1134 1716 1189 διεχρή-

283 1217 432 1243 σαντο·
500 1203 653 1250 παῖδας
697 1203 743 1242 δὲ
772 1201 844 1242 καί
879 1207 1074 1254 γυναῖκας
1107 1203 1179 1254 τῆς
1218 1199 1376 1249 πόλεως
1408 1202 1450 1249 ἐς
1478 1198 1551 1242 ἕνα
1577 1201 1717 1253 χῶρον
1731 1210 1773 1243 15

283 1265 451 1320 α’γαγών
476 1265 550 1320 τήν
580 1281 625 1306 τε
654 1268 778 1307 ἵππον
803 1267 979 1320 ἐπαφείς
998 1262 1295 1318 κατεχρήσατο,
1326 1261 1433 1306 ὥστε
1449 1267 1607 1319 μηδένα
1635 1266 1719 1306 τῶν

283 1334 356 1384 τῆς
387 1329 557 1385 πόλεως,
587 1331 690 1385 μήτε
721 1326 852 1384 ἄνδρα
879 1332 981 1383 μήτε
1011 1335 1185 1382 γυναῖκα
1214 1329 1319 1383 μήτε
1338 1331 1482 1384 παῖδα,
1511 1329 1717 1382 περιγενέ-

284 1399 412 1451 σθαι,
450 1396 694 1446 οἰκτρότατα
736 1397 781 1436 δὲ
813 1397 1060 1447 ξυμπάντων
1086 1396 1168 1434 τῶν
1197 1395 1241 1435 ἐν
1267 1395 1318 1450 τῇ
1347 1393 1463 1434 πόλει
1493 1393 1716 1436 θανόντων.

285 1462 447 1514 λέγεται
476 1462 520 1502 δὲ
549 1461 744 1514 γενέσθαι
775 1460 1024 1513 α’νθριόπους
1056 1460 1169 1514 α’μφί
1204 1458 1280 1508 τὰς
1309 1457 1470 1499 δώδεκα
1496 1455 1716 1512 μυριάδας.

286 1525 387 1579 πρὸς
413 1527 459 1566 δὲ
487 1528 558 1566 καί
587 1526 924 1579 ἐλεφαντιοέντων
960 1523 1004 1564 ἐν
1031 1524 1157 1579 ταύτῃ
1185 1526 1233 1580 τῇ
1260 1523 1376 1564 πόλει
1405 1524 1559 1576 πλῆθος
1587 1520 1775 1577 mind-20

285 1605 411 1641 μενον
441 1592 600 1642 λέγεται
629 1591 821 1629 κελείσαι
840 1590 1011 1628 α’νελεΐν.
1069 1587 1237 1636 τούτους
1256 1590 1332 1640 μὲν
1359 1583 1434 1628 οὖν
1462 1583 1541 1644 ὅπῃ
1567 1582 1719 1644 ᾔσθετο

287 1653 516 1709 περιόντας,
542 1654 676 1695 οὐκέτι
696 1652 760 1694 εἴα
781 1655 935 1703 ζῶντας
951 1658 1214 1707 περινοστεῖν,
1256 1654 1343 1694 ἀλλ’
1377 1653 1431 1701 αἱς
1457 1648 1621 1709 ᾔσθετο,
1649 1654 1722 1693 τοῦ

750 1767 887 1814 ἡμέρας
913 1766 1015 1805 τινας

380 1816 414 1848 3.
442 1815 595 1851 ἐπιόντα
618 1815 642 1848 Ρ
734 1813 950 1860 ἦμερικέναι
977 1815 1026 1846 T:
1054 1825 1130 1846 corr
1156 1813 1185 1845 H
1306 1813 1360 1847 18.
1393 1808 1458 1856 dh?

289 1930 482 1959 maturaret
516 1925 585 1957 iter
608 1924 646 1956 in
672 1924 811 1964 Asiam,
848 1923 982 1957 audivit
1013 1923 1209 1956 Sebastiam
1239 1934 1311 1956 esse
1336 1927 1497 1968 captam,
1522 1923 1720 1956 'remirem-

291 1983 360 2017 que
385 1971 569 2015 mancipiis
607 1970 765 2003 collectis
795 1970 954 2014 plurimis
995 1970 1122 2002 abiisse
1146 1970 1320 2002 Cher-iam.
1382 1975 1420 2002 ut
1446 1969 1538 2002 enim
1563 1969 1720 2001 Temires

291 2019 463 2063 impetum
489 2018 524 2050 in
551 2027 687 2049 murum
713 2016 812 2048 dedit
836 2015 960 2048 diebus
986 2016 1136 2061 aliquot,
1161 2015 1328 2060 oppidani
1359 2017 1427 2048 vim
1453 2015 1618 2048 hostilem
1645 2015 1718 2047 for-

291 2065 375 2098 titer
400 2063 664 2109 propulsarunt.
729 2074 805 2094 cum
848 2068 965 2094 autern
995 2062 1143 2094 haberet
1176 2067 1255 2094 octo
1281 2062 1376 2094 milia
1402 2063 1574 2094 fossorum
1598 2062 1633 2094 in
1660 2071 1721 2092 ca·-

293 2111 386 2150 stris,
410 2110 454 2142 iis
478 2109 659 2152 negotium
678 2107 778 2141 dedit
802 2114 840 2140 ut
865 2109 1047 2140 cuniculos
1068 2108 1242 2140 haberent
1259 2107 1518 2146 subterraneos,
1543 2118 1607 2151 per
1630 2117 1719 2151 quos

292 2157 427 2201 ubique
470 2160 616 2200 possent
644 2165 819 2196 emergere
846 2155 882 2187 in
922 2154 1054 2186 urbem.
1113 2159 1149 2186 et
1172 2154 1315 2199 quidem
1344 2152 1513 2198 oppidani
1538 2158 1721 2185 senserant

291 2202 329 2235 id
354 2202 480 2247 parari.
543 2200 692 2245 proinde
727 2206 762 2232 et
800 2201 865 2244 ipsi
910 2199 1079 2233 fodiendo
1117 2199 1280 2232 hostibus
1319 2199 1570 2232 occurrebant:
1601 2209 1721 2231 verum

291 2248 528 2294 pellebantur.
550 2247 699 2290 amplius
726 2247 818 2278 enim
846 2245 1198 2285 essiciebatTemires,
1230 2251 1268 2278 ut
1287 2246 1347 2290 qui
1376 2246 1548 2278 fossorum
1573 2255 1720 2277 numero

293 2295 496 2327 excelleret.
546 2293 635 2324 muri
661 2303 737 2324 cum
777 2294 844 2324 iam
875 2292 1030 2336 undique
1055 2298 1171 2324 essent
1194 2292 1351 2330 suffossi,
1375 2291 1567 2335 hostesque
1587 2295 1722 2323 starent

293 2342 329 2373 in
357 2351 482 2383 aggere
508 2339 647 2372 excelso
683 2343 719 2371 et
745 2339 880 2382 ligneo,
916 2340 1032 2382 ignem
1067 2338 1286 2378 iniecerunt,
1313 2338 1474 2382 murique
1509 2347 1570 2369 sua
1593 2341 1720 2381 sponte

291 2391 511 2419 corruerunt.
560 2384 691 2417 deinde.
716 2395 777 2428 per
807 2385 882 2416 loca
919 2385 1027 2417 ruinis
1054 2384 1214 2429 patentia
1246 2383 1421 2416 irruentes
1448 2383 1596 2416 Temiris
1623 2383 1720 2414 mili-

294 2439 346 2465 tes
373 2433 410 2465 in
436 2432 570 2470 urbem,
601 2441 677 2463 eam
704 2431 741 2462 in
770 2429 863 2462 hunc
897 2430 1038 2462 modum
1069 2435 1295 2474 occuparunt.
1345 2429 1555 2473 oppidanos,
1579 2429 1629 2461 sic
1651 2429 1719 2461 im-

292 2484 439 2523 perante
464 2478 628 2518 Teniire,
652 2482 751 2520 capta
777 2477 842 2508 iam
871 2476 956 2508 urbe
985 2477 1080 2509 illico
1112 2476 1327 2509 occiderunt.
1378 2475 1510 2508 liberos
1534 2479 1571 2507 et
1593 2474 1721 2507 mulie-

293 2536 346 2557 res
371 2525 448 2557 eius
472 2524 567 2556 urbis
603 2524 640 2556 in
666 2534 772 2555 unum
798 2522 912 2555 locum
940 2533 1067 2564 agens,
1094 2523 1248 2554 immisso
1275 2522 1436 2566 equitatu
1464 2531 1585 2554 omnes
1609 2520 1720 2553 truci-

293 2571 401 2603 davit.
453 2570 547 2602 urbis
575 2570 676 2602 istius
710 2567 798 2600 adeo
835 2568 1050 2600 miserabilis
1075 2568 1192 2601 clades
1226 2568 1295 2600 fuit
1320 2573 1360 2600 ut
1383 2578 1448 2600 nec
1471 2567 1523 2599 vir
1548 2577 1614 2599 nec
1641 2577 1719 2598 mu-

293 2618 361 2649 lier
385 2627 501 2661 neque
531 2616 635 2648 etiam
660 2626 748 2660 puer
771 2614 901 2659 aliquis
929 2614 1085 2658 potuerit
1116 2615 1260 2647 exitium
1301 2613 1556 2656 subterfugere.
1605 2611 1720 2645 homi-

293 2673 356 2695 nes
383 2663 419 2695 in
444 2664 511 2695 ista
547 2662 632 2694 urbe
661 2661 804 2694 fuerunt
827 2660 991 2704 plurimi,
1029 2660 1117 2693 adeo
1142 2665 1181 2694 ut
1213 2670 1303 2704 pene
1343 2663 1550 2703 superarent
1574 2664 1719 2690 numero

294 2707 480 2741 duodecim
514 2707 688 2751 myriades
725 2707 920 2740 hominum.
970 2711 1152 2751 praeterea
1189 2711 1327 2751 reperta
1354 2716 1477 2749 magna
1499 2705 1720 2750 leprosorum
