1884 3178
500 204 573 242 DE
611 203 782 243 REBUS
823 199 1079 242 TURCICIS
1118 202 1164 240 L.
1194 202 1268 242 ΙΙΙ.
1510 197 1599 241 127

131 307 278 363 χώρας
315 306 387 348 ἐπὶ
437 303 544 345 πολὺ
592 304 846 353 διεξελθεῖν,
885 304 958 343 καί
996 301 1072 357 ὑφ’
1109 299 1254 351 αὖτοῖς
1291 302 1600 357 ποιησαμένους

132 375 359 429 ἐνοικῆσαι.
423 371 601 418 τούτους
635 367 970 423 παρεσκευάζετο
1002 366 1059 416 ὥς
1088 366 1222 421 ὲλῶν,
1253 367 1327 410 καί
1354 367 1603 421 στράτευμα

133 438 416 496 ποιησάμενος
459 438 502 486 ἐς
550 435 802 491 ὀγδοήκοντα
844 431 1060 488 μυριάδας
1102 432 1384 488 ἐστρατεύετο
1419 435 1487 476 ἐπ’
1518 432 1641 476 aii-C

134 506 246 555 τούς.
327 504 401 546 καί
442 500 675 556 συμβαλών
722 500 843 558 μάχῃ
889 516 934 542 τε
973 501 1176 555 ἐκράτησε
1215 499 1315 550 τούς
1364 501 1604 553 Χαταΐδας,

100 573 208 616 5καὶ
234 574 306 616 ἐπὶ
331 571 409 627 τὴν
438 568 598 625 οἷγοράν
626 568 772 610 αὐτῶν
799 565 960 609 τούτων
988 566 1062 608 καί
1080 568 1151 609 ε’πί
1171 566 1220 608 τὰ
1249 569 1446 620 βασίλεια
1476 566 1602 608 ἐλαύ-

134 657 218 684 νων
245 639 447 696 ὁμολογίᾳ
471 652 517 679 τε
545 636 852 690 παρεστήσατο,
875 632 949 676 καί
975 634 1303 686 μισθωσάμενος
1332 632 1607 685 παμπόλλους

137 709 287 759 αὐτῶν,
319 705 417 754 τούς
443 719 491 759 γε
520 704 770 756 κρατίστους
812 701 863 743 τὰ
894 702 938 749 ἐς
969 699 1152 752 πόλεμον
1181 702 1442 754 γενομένους,
1477 696 1608 756 ᾤχετο

137 770 262 828 ἄγων.
320 768 509 827 ὁμήρους
549 771 596 810 δὲ
637 768 780 822 λαβών
822 769 892 808 καὶ
930 769 1015 808 ταῖν
1063 766 1253 820 ἀρίστων
1289 765 1389 815 τούς
1433 769 1606 814 παῖδας,

137 840 211 881 καί
249 837 383 896 φόρον
426 834 660 888 ταξάμενος
699 833 862 883 τούτοις
904 833 1082 887 ἀπάγειν
1124 836 1198 874 τοῦ
1246 835 1467 885 ἐνιαυτοῦ,
1496 833 1604 885 α’πή-

82 910 127 945 10
139 911 280 948 ianne.
338 903 389 947 τά
419 906 466 945 δὲ
498 902 671 945 Χαταΐα
701 901 822 950 πόλις
847 901 941 942 ἐστὶ
968 899 1073 956 πρὸς
1101 903 1158 941 ἕω
1188 903 1262 954 τῆς
1283 899 1506 954 “Υρκανιάς
1533 915 1609 952 με·

136 973 243 1028 γάλη
272 987 317 1013 τε
359 973 432 1012 καί
467 969 710 1021 εὕδαιζιιων,
757 967 912 1022 πλήθει
952 982 997 1009 τε
1033 965 1273 1020 ἀνθρώπων
1302 967 1376 1007 καί
1404 962 1514 1022 ι’)’λβῳ
1543 966 1614 1007 καί

138 1043 190 1098 τῇ
230 1034 336 1096 ἄλλῃ
379 1037 631 1093 εὐδαιμονίᾳ
673 1037 950 1089 προφέρουσα
991 1036 1076 1075 τῶν
1118 1036 1163 1076 ἐν
1203 1036 1257 1090 τῇ
1298 1034 1416 1090 Ἀσίᾳ
1450 1032 1612 1074 πόλεων

138 1104 246 1161 πλὴν
276 1103 586 1159 Σεμαρχάνδης
616 1104 690 1144 καί
709 1104 928 1158 Μέμφιος,
956 1101 1247 1155 εὐνομουμένη
1279 1101 1325 1141 δὲ
1351 1098 1398 1141 τὸ
1431 1097 1613 1140 παλαιὸν

122 1171 220 1215 ’ὑπὸ
253 1172 538 1225 Μασαγετῶν.
568 1171 652 1210 τῶν
679 1172 825 1222 μέντοι
849 1170 1035 1222 Περσῶν
1064 1166 1162 1216 τούς
1195 1170 1419 1215 πλείστους
1444 1169 1653 1219 μισθω-ι)

84 1243 128 1278 15
140 1239 321 1292 σάμενος
354 1234 544 1291 τούτους,
575 1231 644 1277 οἷα
663 1238 747 1277 τῶν
775 1251 821 1276 τε
840 1235 1018 1276 Σκυθῶν
1046 1236 1276 1287 ἐμπείρους
1306 1233 1364 1282 ὥς
1389 1235 1441 1275 τὰ
1476 1231 1609 1274 πολλά

137 1306 383 1360 γενομένους
411 1302 486 1344 καί
511 1301 561 1344 τὰ
593 1303 637 1351 ἐς
662 1301 739 1356 τὴν
761 1303 927 1343 δίαιταν
957 1302 1097 1342 ου’κέτι
1127 1298 1286 1353 ἁβρούς
1318 1296 1454 1350 ὄντας,
1482 1301 1527 1341 ἐν
1556 1301 1613 1356 νῷ

139 1371 250 1426 ἔχων
279 1371 352 1413 ἐπὶ
378 1368 551 1417 Σκύθας
579 1365 894 1422 στρατεύεσθαι
912 1399 924 1420 ,
963 1367 1036 1410 ἐπὶ
1073 1366 1150 1421 τήν
1181 1365 1339 1421 ἀγορὰν
1369 1368 1510 1409 αὐτῶν
1539 1365 1613 1420 τὴν

143 1434 318 1491 Οὖρδιὶν
361 1437 643 1491 καλουμένην,
682 1437 755 1475 καί
795 1434 1114 1486 πυνθανόμενος
1158 1433 1216 1482 ὥς
1256 1433 1320 1489 εἴη
1349 1450 1388 1475 τε
1417 1432 1464 1475 τὸ
1495 1435 1612 1487 γένος

139 1507 262 1547 τοῦτο
296 1501 586 1546 παλαιότατόν
614 1517 656 1543 τε
691 1503 776 1542 τῶν
815 1500 920 1542 κατὰ
965 1500 1042 1556 τὴν
1080 1501 1327 1555 οἰκουμένην
1356 1501 1510 1555 ἐθνῶν,
1539 1503 1610 1541 καί

81 1571 128 1606 20
140 1572 296 1613 ου’δένα
326 1568 388 1613 ἔτι
419 1569 501 1623 πρὸ
535 1570 667 1611 αιῗτοῦ
694 1571 906 1623 βασιλέων
926 1567 1226 1622 χειρώσασθαι
1254 1569 1373 1609 τοῦτο
1401 1567 1447 1609 τὸ
1479 1570 1610 1622 γένος,

138 1637 246 1681 κακὰ
274 1639 322 1680 δὲ
349 1634 406 1687 ὥς
441 1641 619 1679 πλεῖστα
656 1634 944 1690 ἐργασάμενον
984 1635 1159 1689 ποιῆσαι
1196 1632 1270 1688 τη’ν
1300 1649 1343 1676 τε
1373 1635 1518 1677 Ἀσίαν
1541 1636 1615 1675 καί

139 1704 364 1760 Εὐρώπην,
395 1703 604 1759 ἐπιδρομῇ
633 1700 683 1744 τά
712 1703 842 1743 πλείω
871 1698 1176 1754 ταμιευόμενον
1207 1701 1261 1757 τῇ
1286 1697 1420 1757 χώρᾳ.
1474 1703 1610 1741 ταῦτα

142 1883 204 1917 des
230 1894 311 1917 suas
338 1882 504 1916 fixerunt.
554 1882 618 1916 hos
643 1882 789 1915 domare
816 1881 968 1927 parabat
992 1881 1168 1914 Teznires.
1220 1878 1374 1925 proinde
1402 1884 1607 1924 comparato

142 1931 316 1972 exercitu,
341 1931 405 1976 qui
429 1930 738 1975 complectebatur
770 1930 952 1973 octoginta
979 1928 1154 1971 myriades
1184 1927 1369 1960 hominum
1385 1951 1394 1967 ,
1420 1927 1519 1959 bello
1545 1937 1608 1960 eos

143 1977 428 2023 aggrediebatur.
486 1978 627 2010 collatis
662 1977 807 2011 tandem
846 1977 977 2021 sigub,
1002 1976 1140 2021 praelio
1168 1976 1256 2009 vicit
1283 1973 1487 2008 Chataides.
1537 1974 1603 2007 de-

144 2024 228 2059 hinc
258 2036 354 2058 arma
381 2030 506 2058 contra
539 2026 688 2068 Agoram
717 2025 891 2069 regnique
923 2035 1044 2056 eorum
1071 2023 1192 2056 sedem
1218 2023 1349 2062 ferens,
1375 2022 1606 2067 pactionibus

144 2084 222 2107 eam
248 2073 287 2106 in
315 2071 538 2106 deditionem
560 2073 710 2117 accepit.
761 2071 947 2104 conductis
964 2082 1111 2117 quoque
1138 2070 1222 2103 inde
1251 2070 1415 2102 mercede
1441 2070 1606 2115 plurimis

143 2125 181 2154 et.
208 2121 354 2165 eptimis
382 2119 560 2152 militibus
582 2120 696 2152 victor
722 2118 942 2152 discedebat.
993 2120 1100 2152 etiam
1126 2117 1316 2151 obsidibus
1342 2118 1512 2161 acceptis,
1539 2117 1608 2150 im-

142 2173 343 2214 peratoque
371 2167 510 2201 tributo
535 2178 670 2207 annuo,
702 2166 848 2199 domum
874 2177 1036 2199 reversus
1063 2170 1129 2199 est.
1157 2165 1308 2199 Chataia
1333 2164 1419 2197 urbs
1447 2169 1502 2197 est
1517 2165 1607 2207 Hyr-

142 2215 290 2255 caniae,
317 2225 439 2258 versus
466 2214 677 2254 Orientem,
702 2225 830 2258 magna
856 2219 892 2247 et
919 2213 1115 2259 opulenta:
1161 2211 1394 2247 multitudine
1422 2211 1607 2244 hominum

143 2267 183 2296 et.
209 2262 416 2296 divitiarum
442 2263 546 2306 copia
571 2262 789 2307 reliquaque
813 2261 988 2295 felicitate
1008 2265 1155 2306 superat
1181 2261 1350 2306 reiiqmffi
1376 2266 1518 2304 praeter
1544 2259 1609 2292 Se-

143 2309 459 2355 maechandum-et
481 2309 693 2354 Memphim,
718 2310 820 2342 Asiae
847 2309 966 2342 urbes.
1017 2308 1166 2352 optimis
1191 2307 1338 2352 iegibus
1367 2317 1443 2339 eam
1475 2305 1609 2339 funda-

144 2366 229 2390 vere
254 2356 326 2390 iam
351 2357 438 2390 oiim
467 2357 698 2401 Massagetae.
748 2355 914 2389 mercede
940 2357 1065 2401 itaque
1091 2355 1160 2388 sibi
1188 2355 1503 2400 paravit'l‘emires
1527 2355 1610 2387 Per-

145 2415 263 2437 sarum
291 2404 478 2449 plurimos,
504 2409 544 2436 ut
569 2405 631 2449 qui
663 2410 784 2436 essent
807 2404 907 2447 gnari
939 2414 1055 2436 rerum
1081 2403 1311 2446 Scytharum,
1338 2402 1422 2447 quia
1448 2400 1609 2445 plerum-

146 2462 217 2496 que
241 2462 323 2484 cum
346 2449 402 2484 his
426 2458 723 2484 conversarentur
753 2462 818 2484 nec
842 2450 996 2495 amplius
1026 2451 1145 2484 forent
1171 2451 1208 2483 in
1233 2450 1347 2481 victus
1374 2448 1514 2481 ratione
1541 2447 1608 2480 de-

145 2498 299 2532 licatuli.
357 2498 416 2531 his
456 2499 616 2532 munitus
654 2499 774 2531 animo
811 2498 971 2542 agitabat
1009 2498 1079 2530 vim
1120 2497 1208 2530 belli
1234 2501 1373 2529 vertere
1400 2505 1542 2528 omnem
1570 2495 1608 2528 in

144 2546 296 2590 Agoram
325 2556 459 2586 eorum,
484 2557 589 2590 quam
622 2545 751 2579 Urdam
781 2547 982 2578 nominant.
1035 2544 1184 2578 audiens
1218 2549 1338 2576 autem
1364 2553 1440 2575 eam
1464 2548 1607 2587 gentem

146 2594 306 2628 omnium
344 2604 432 2638 quas
467 2593 562 2626 orbis
587 2593 699 2627 habet
735 2604 812 2626 esse
837 2593 1147 2638 antiquissimam,
1175 2601 1242 2623 nec
1271 2591 1383 2623 ullum
1409 2591 1472 2634 qui
1503 2601 1606 2634 prae-

146 2645 328 2674 cesserant
356 2650 475 2684 regum
504 2640 647 2674 domare
673 2651 749 2673 eam
779 2641 949 2685 quivisse,
979 2639 1141 2686 quamvis
1178 2648 1304 2683 magna
1329 2636 1458 2670 damna
1485 2636 1609 2670 dedis-

148 2692 230 2722 sent
255 2688 418 2732 Europae
446 2688 622 2733 Asiaeque
650 2688 723 2721 suis
752 2687 1034 2728 incursionibus,
1061 2692 1097 2719 et
1128 2685 1210 2718 hinc
1238 2684 1408 2729 piurimas
1436 2685 1607 2718 corrasis-

147 2740 229 2769 sent
254 2746 355 2781 opes,
381 2745 423 2766 eo
449 2735 559 2777 magis
595 2734 639 2766 ad
677 2746 751 2768 eam
782 2734 1053 2780 expeditionem
1097 2731 1370 2765 accendebatur.
1423 2737 1608 2778 praeterea

147 2782 275 2816 animo
296 2792 438 2817 versans
457 2782 564 2814 etiam
594 2783 736 2815 Darium
756 2782 940 2826 Hystaspis
968 2782 1081 2814 filium
1112 2791 1228 2823 regem
1258 2780 1424 2819 electum,
1450 2785 1485 2812 et
1511 2791 1607 2812 arma
