1858 3210
514 142 586 182 DE
620 142 793 182 REBUS
829 138 1081 181 TURCIClS
1120 140 1168 179 L.
1195 140 1246 179 X.
1493 137 1586 182 521

127 240 466 292 ἐπικαλουμένων
503 240 588 282 α’πὸ
629 242 701 294 τῆς
732 239 906 292 Λέσβου
943 236 987 279 τὸ
1019 235 1317 289 Κατελουίζων
1353 238 1483 292 γένος,
1516 254 1590 280 κα-

125 303 380 358 ταλαβόντες
410 307 458 348 δὲ
481 307 802 362 διαφερομένων
821 306 1018 358 α’λλήλοις
1047 303 1102 352 ὥς
1126 305 1197 345 ἐπὶ
1216 302 1263 345 τὸ
1286 308 1480 347 πλεῖστον
1508 304 1592 347 τῶν
1604 309 1639 344 P.
1654 309 1725 344 278

126 370 224 412 ποτὲ
245 370 454 425 Ἑλλήνων
479 374 702 424 βασιλέων.
777 373 893 412 δοκεῖ
918 372 963 412 δὲ
1003 368 1027 424 ἧ
1055 372 1178 424 νῆσος
1205 368 1314 425 αὕτη
1344 372 1417 412 καί
1442 370 1595 425 πρότε-

127 451 202 491 ρον
227 435 289 478 ἔτι
318 436 475 479 τούτων
500 440 586 479 τῶν
615 439 916 488 Κατελουίζων
943 440 1141 490 γενέσθαι
1161 437 1243 477 ὑπό
1269 436 1496 492 Ἰανυΐοις,
1523 438 1597 478 καί

92 502 361 548 ϋῦπακούειν
387 501 482 544 τότε
509 505 570 560 τῷ
599 505 796 558 Φωκαίης
822 505 867 544 ἐν
905 504 957 559 τῇ
987 502 1108 559 Ἀσίᾳ
1138 503 1467 556 ἐπιτροπεύοντι,
1502 506 1595 545 Κα-

125 567 230 624 roim]
257 563 444 621 τοῦνομα
478 567 637 623 ἔχοντι·
667 565 752 612 εἷλε
782 571 828 610 δὲ
853 567 1030 623 Κατάνη
1061 566 1138 622 τήν
1167 570 1293 620 νῆσον
1319 570 1474 625 ταύτην
1504 571 1595 611 ἐπι-

125 636 272 692 βουλῇ.
329 634 404 677 καί
431 631 455 676 ὅ
487 650 532 677 τε
554 633 760 691 Ἑλλήνων
785 634 988 689 βασιλευς
1016 633 1382 690 στρατευσάμενος
1413 638 1481 677 ἐπ’
1510 635 1595 677 av’-

124 699 198 743 τὸν
225 700 299 743 καί
324 700 400 757 τήν
427 717 471 744 τε
503 701 754 757 Μιτυλήνην
785 701 1079 756 παρεστήσατο
1108 701 1181 743 καί
1211 702 1408 753 ἐπολέμει
1434 703 1482 759 τῇ
1497 704 1594 744 Φω.

126 770 239 825 atain.
291 767 400 821 μετὰ
443 771 492 811 δὲ
519 770 655 810 ταῦτα
693 771 1052 822 συμβαλλομένων
1090 771 1172 810 τῶν
1207 770 1506 820 Κατελουίζων
1536 771 1595 826 τῷ

71 835 368 886 ίθΒυζανι-ίου
394 837 575 888 βασιλεῖ’,
603 835 882 890 ε’πετράποντό
909 850 955 876 τε
995 834 1073 890 τήν
1108 836 1233 890 νῆσον
1272 834 1345 876 καί
1371 833 1495 888 ἔσχον
1526 836 1596 877 ἐπί

125 917 244 950 τινας
265 900 432 956 γενεάς,
475 902 760 955 διαγενόμενοι
799 900 891 943 ἔστε
933 901 1004 943 ε’πί
1043 902 1117 942 τὸν
1143 902 1243 942 καθ’
1270 901 1382 955 ἡμᾶς
1425 902 1632 956 χρόνον.Β

87 1022 90 1023 ⁷
125 966 200 1008 καί
229 966 455 1021 ἐπιγαμίας
497 965 742 1020 ποιούμενοι
786 968 891 1021 πρός
926 983 970 1009 τε
1015 967 1112 1015 τούς
1158 965 1239 1008 ἀπὸ
1281 969 1596 1021 Τραπεζοῦντος

124 1036 314 1087 βασιλεῖς
354 1033 428 1075 καί
452 1032 660 1089 Ἑλλήνων
688 1032 895 1089 ἡγεμόνας
933 1033 1007 1075 καί
1036 1033 1134 1083 τούς
1162 1037 1263 1089 παρ’
1283 1032 1453 1090 Ἕλλησι
1481 1051 1596 1090 πρω-

123 1096 337 1152 τεύοντας,
374 1105 567 1154 κατεῖχον
607 1100 685 1154 τήν
726 1102 854 1154 νῆσον
881 1102 923 1149 ἐς
962 1099 1014 1142 τά
1047 1098 1230 1152 μάλιστα
1263 1100 1594 1155 εὐνομουμένην.

71 1178 114 1214 15
127 1166 278 1220 α’πέχει
307 1167 356 1209 δὲ
385 1167 408 1222 ἢ
435 1168 561 1222 νῆσος
589 1162 698 1222 αὕτη
727 1165 808 1208 ἀπὸ
841 1169 915 1222 τῆς
945 1165 987 1216 ἐς
1003 1166 1077 1222 τὴν
1101 1167 1253 1209 Ἀσίαν
1283 1167 1464 1222 ἠπείρου
1492 1183 1595 1209 στα-

126 1233 245 1282 διόυς
271 1234 461 1286 μάλιστα
497 1231 768 1287 ὄγδοήκοντα.

230 1295 406 1354 Ἀλλ’-ἧ
436 1302 515 1353 μὲν
546 1301 652 1348 Χιός
682 1299 901 1353 κατείχετο
929 1302 1007 1352 μὲν
1051 1300 1123 1342 καί
1148 1295 1258 1354 αὕτη
1285 1297 1484 1354 πρότερον
1511 1298 1595 1340 ὑπὸ

120 1365 322 1418 Ἰανυῖων,
356 1367 407 1407 οὕ
434 1369 579 1420 μέντοι
607 1364 730 1421 ἑάλω,
760 1365 869 1408 ἀλλὰ
901 1369 1108 1421 δεομένων
1137 1369 1219 1409 τῶν
1248 1364 1489 1418 Βυζαντίου
1517 1370 1598 1420 βα-

125 1434 277 1474 σιλέων
304 1432 534 1487 χρημάτων
554 1431 678 1474 ἱκανοὶ
700 1438 788 1481 τοῖς
799 1430 969 1488 Ἕλλησι
1003 1435 1148 1475 ὃέδοτο
1173 1431 1254 1474 ὑπὸ
1274 1434 1501 1486 Μαρτίνου
1522 1433 1597 1474 τοῦ

67 1499 114 1535 20
126 1495 203 1551 τήν
232 1498 359 1552 νῆσον
386 1498 542 1553 ταύτην
561 1499 854 1552 κατασχόντος,
884 1499 956 1539 ὑπ’
972 1499 1150 1554 ἀνάγκης
1175 1497 1265 1540 τότε
1294 1496 1596 1551 τῶνἙλλήνων

126 1560 197 1604 διὰ
225 1561 297 1604 τὸν
328 1563 435 1617 πρὸς
464 1563 650 1618 Μήδους
676 1567 749 1606 καί
780 1564 1043 1619 Τριβαλλοιῖς
1084 1565 1276 1617 πόλεμον.
1319 1566 1392 1605 καί
1421 1560 1636 1618 ῧστερονΟ

221 1645 254 1679 1.
280 1646 578 1695 ἐπικαλούμενον
603 1649 625 1681 Ρ
741 1648 775 1682 3.
796 1649 903 1684 uite?
1046 1649 1079 1683 4.
1108 1649 1171 1696 ἔτι]
1197 1650 1260 1685 ἐπὶ
1287 1649 1311 1682 Ρ
1445 1648 1477 1682 5.
1505 1650 1593 1682 Φω-

218 1696 302 1734 κέας
324 1693 350 1728 1>
471 1695 525 1729 15.
548 1697 672 1741 ἐπέχει
697 1696 722 1730 Ρ

126 1773 361 1817 Rarmosta03
389 1779 427 1808 et
452 1780 494 1809 ut
516 1775 586 1808 sibi
611 1776 702 1810 vires
720 1781 901 1821 pararent,
926 1776 1106 1811 vocabant
1126 1775 1171 1809 ab
1193 1776 1309 1809 Lesbo
1328 1775 1592 1809 Catelusiorum

127 1831 250 1865 genus.
311 1821 487 1855 Catelusii
519 1822 644 1856 urbem
675 1834 752 1856 eam
793 1829 1014 1869 occuparunt
1046 1830 1083 1857 et
1119 1823 1261 1857 fortiter
1287 1823 1482 1863 retinuere,
1510 1833 1592 1854 cum

126 1867 340 1914 plerumque
378 1869 563 1903 intestinis
605 1869 846 1904 seditionibus
885 1876 922 1904 et
954 1871 1045 1904 odiis
1078 1871 1347 1914 exagitarentur
1372 1870 1592 1903 Graecorum

126 1925 242 1959 reges.
292 1914 435 1948 videtur
459 1922 579 1950 autem
608 1918 676 1950 ista
700 1918 819 1950 insula
843 1918 914 1950 iam
946 1918 1012 1951 sub
1041 1917 1234 1951 Catelusiis
1264 1916 1502 1950 Iauuensibus
1528 1927 1592 1948 ex-

127 1962 270 2003 titisse,
308 1968 346 1996 et
381 1965 543 2007 paruisse
583 1964 735 1998 Phociae
761 1965 797 1997 in
832 1965 912 1998 Asia
953 1965 1244 2005 administratori,
1270 1965 1328 1996 cui
1356 1974 1489 1996 nomen
1519 1963 1593 1996 fuit

127 2008 294 2042 Catanes.
343 2021 466 2043 verum
507 2022 549 2044 ex
590 2011 730 2044 insidiis
772 2012 926 2045 insulam
965 2012 1057 2045 hanc
1097 2012 1287 2057 occupavit
1319 2011 1481 2044 Catanes.
1534 2010 1593 2042 cui

127 2055 265 2089 bellum
295 2056 456 2090 inferens
483 2059 702 2091 Graecorum
740 2070 801 2092 rex
841 2061 946 2092 etiam
974 2059 1168 2102 Mitylenas
1195 2070 1259 2092 suo
1286 2058 1438 2104 imperio
1460 2057 1592 2096 iunxit,

125 2113 194 2136 nec
218 2103 354 2136 bellum
386 2115 507 2148 gerere
534 2111 659 2138 contra
684 2105 882 2139 Phocaeam
914 2106 1099 2140 abstinuit.
1149 2106 1280 2139 exinde
1309 2117 1387 2138 cum
1418 2104 1591 2138 Catelusii

126 2150 279 2195 impigre
305 2151 470 2185 subsidio
504 2153 688 2186 venissent
723 2155 892 2197 Byzantio
920 2155 1019 2197 regi,
1048 2154 1225 2186 beneficio
1253 2154 1330 2186 eius
1358 2153 1497 2185 insulae
1523 2151 1591 2184 do-

125 2197 277 2239 minium
303 2199 486 2232 consecuti
517 2205 610 2233 sunt.
661 2200 753 2233 hanc
786 2206 946 2246 tempore
974 2202 1082 2244 longo
1116 2206 1283 2234 tenuere:
1309 2201 1385 2233 eius
1410 2199 1591 2244 principes

126 2245 235 2278 etiam
262 2250 385 2278 nostra
413 2247 564 2291 attigere
595 2253 768 2292 tempora.
820 2250 1008 2291 iungentes
1037 2254 1155 2280 autem
1183 2247 1363 2280 connubia
1392 2258 1472 2279 cum
1498 2247 1591 2279 Tra-

124 2292 304 2336 pezuntiis
332 2293 476 2337 regibus
505 2299 542 2327 et
570 2294 790 2328 Graecorum
826 2295 978 2328 ducibus
998 2320 1006 2335 ‚
1031 2306 1173 2328 necnon
1208 2306 1287 2327 cum
1321 2295 1366 2327 iis
1403 2294 1464 2339 qui
1492 2291 1590 2338 apud

125 2338 282 2373 Graecos
308 2346 490 2384 praestare
511 2341 754 2382 videbantur,
781 2343 935 2376 insulam
963 2353 1038 2374 eam
1063 2347 1234 2375 rexerunt
1258 2341 1504 2374 saluberrimis
1534 2340 1590 2373 le-

125 2385 230 2430 gibus
255 2385 452 2420 fundatam.
519 2388 564 2420 ab
604 2399 645 2422 ea
678 2390 888 2424 continente
913 2400 1006 2435 quae
1033 2390 1149 2422 Asiam
1176 2392 1327 2434 spectat,
1358 2388 1516 2422 excurrit
1543 2386 1589 2421 ad

125 2432 242 2467 stadia
267 2433 408 2466 circiter
433 2435 627 2479 octoginta.

217 2480 408 2514 Caeterum
434 2486 472 2515 et
505 2482 577 2514 iam
606 2483 692 2516 olim
724 2483 761 2516 in
787 2489 966 2529 potestate
995 2483 1224 2515 Ianuensium
1261 2482 1331 2514 fuit
1373 2481 1496 2520 Chius,
1521 2492 1590 2514 nec

124 2531 246 2560 tamen
273 2529 379 2560 armis
407 2534 529 2573 capta:
558 2540 681 2563 verum
708 2541 789 2563 cum
816 2530 1030 2564 Graecorum
1058 2541 1156 2574 reges
1186 2530 1362 2574 pecuniae
1382 2529 1508 2573 inopia
1535 2529 1592 2561 la-

125 2572 298 2607 borarent
321 2580 469 2620 propter
491 2575 629 2609 bellum
654 2577 754 2622 quod
791 2588 833 2611 ea
854 2582 1070 2622 tempestate
1096 2577 1268 2620 gerebant
1301 2587 1379 2608 cum
1406 2575 1524 2608 Medis
1552 2581 1589 2609 et

124 2621 310 2662 Triballis,
334 2632 496 2666 magnam
521 2624 698 2668 pecuniae
719 2625 790 2658 vim
816 2630 940 2658 mutuo
966 2629 1182 2669 acceperunt
1206 2635 1224 2655 a
1249 2623 1406 2656 Martino
1426 2623 1503 2656 eius
1528 2622 1587 2656 in-

125 2667 225 2700 sulae
255 2673 404 2702 rectore.
456 2670 582 2705 Graeci
601 2671 745 2704 tandem
772 2683 849 2704 eain
875 2672 1028 2704 insulam
1056 2675 1280 2716 receperunt,
1306 2682 1383 2703 cuin
1413 2681 1472 2702 aes
1499 2669 1590 2702 alie-

125 2726 224 2756 num,
253 2727 325 2761 quo
352 2722 452 2750 erant
480 2717 631 2762 obligati
657 2719 833 2760 Mai-tino,
866 2719 1136 2764 persolvissent.
1189 2716 1321 2751 deinde
1347 2717 1445 2751 venit
1469 2716 1589 2751 insula
