1748 3210
206 190 298 238 154
516 200 735 243 LAONlCl
757 207 765 211 '
775 203 1278 247 CHALCOCONDYLAE

199 291 305 336 οὕτω
332 298 547 350 φαυλίζων
587 295 697 352 ἡμᾶς
728 301 770 348 ἐς
809 299 1073 355 γενναιότητα
1101 301 1268 351 κακίους
1293 317 1338 344 τε
1365 305 1439 345 καί
1463 306 1629 358 φαυλο-

199 361 343 412 τέρους
371 360 607 416 ἀποφαίνοι)
635 365 807 411 Σκυθῶν
834 380 879 406 τε
915 367 1212 422 Τζαχαταίων,
1241 367 1285 408 οἳ
1306 369 1416 422 ’ξίφει
1443 369 1627 409 οὕδεπώ-

198 439 298 464 ποτε
324 425 489 481 οὐδαμῇ
516 425 767 483 ἐχρήσαντο,
793 425 884 471 ἀλλ’
926 426 954 483 ἢ
980 429 1080 486 τόξῳ
1105 430 1218 487 μόνῳ
1247 434 1319 472 καί
1344 431 1496 480 ὀϊστοῖς
1521 431 1628 484 βάλ-

199 493 334 536 λοντες
363 491 406 538 ἐς
432 496 580 545 χεῖρας
609 493 717 534 ἰέναι
745 495 796 534 ου’
823 493 931 536 πάνυ
962 511 1000 536 τι
1028 496 1237 536 ἐθέλουσι.

160 559 188 592 C
311 555 454 595 Ταῦτα
482 554 664 604 εἰπόντος
689 559 763 598 τοῦ
786 561 990 611 βασιλέως
1006 561 1167 612 λέγεται
1197 558 1269 600 τόν
1297 561 1414 602 Εἰενὲ
1443 556 1657 613 ἅρχοντα5

196 617 376 658 ἐπειπεῖν
403 620 561 662 τοιάδε.
617 622 741 663 “ainsi
766 626 904 664 τοίνυν
934 626 1051 664 δοκεῖ
1072 639 1137 664 σοι
1167 620 1202 665 αἶ
1229 626 1407 676 βασιλεῦ
1433 626 1500 666 ἐπὶ
1527 625 1624 673 τούς

195 682 416 734 πολεμίους
447 683 556 736 ἡμᾶς
587 685 714 736 ὁμόσε
745 689 863 741 ἰέναι,
889 687 953 730 ἴθι
988 688 1038 742 δη
1065 690 1309 740 πειθόμενος
1335 690 1429 740 ἐμοὶ
1456 687 1551 738 τούς
1580 705 1624 731 τε

193 747 438 801 θησαυρούς
467 749 652 806 ἆνεῳγώς
681 752 800 793 δίδου
818 754 872 808 τῷ
892 752 1175 805 στρατεύματι
1204 752 1425 807 πονήσαντι
1450 756 1522 794 καί
1556 769 1623 794 κε-

193 812 377 865 κμηκότι.
407 812 462 861 ὥς
491 815 558 868 ἐφ’
589 812 613 855 δ’
642 831 684 856 τι
710 811 762 857 ἂν
788 820 945 869 γένοιτο
973 817 1022 858 τά
1053 815 1274 870 πράγματα
1303 819 1441 871 ἰόντα,
1471 818 1626 861 τούτων

194 877 240 918 δὲ
267 879 348 918 τῶν
376 879 460 920 σῶν
489 882 716 933 θησαυρῶν
761 878 869 922 οὕτω
909 883 1134 934 διδομένων
1176 887 1259 932 τοῖς
1285 883 1556 935 στρατιώταις
1583 886 1683 927 ε’νῙΟ

194 942 330 993 κέρδει
357 944 563 995 ἐσομένων
592 944 690 998 ἡμῖν
714 944 787 986 καί
818 946 893 986 οὐκ
923 947 1226 997 ἀπολουμένων.
1285 942 1334 1000 ἦν
1362 962 1406 988 τε
1434 950 1501 1002 ἐφ’
1530 948 1628 1002 ἡμῖν

193 1009 387 1062 γένηται,
431 1011 719 1050 πολλαπλάσια
761 1009 905 1062 ἕξομεν
941 1013 1254 1065 κερδανοῦντες·
1328 1009 1376 1065 ἦν
1403 1027 1444 1054 τε
1472 1013 1542 1054 ἐπί
1570 1017 1628 1070 τῷ

195 1074 361 1127 Πέρσῃ,
384 1067 550 1124 ἄμεινον
579 1070 627 1114 ὂν
648 1072 777 1130 ταύτῃ
797 1075 1054 1127 γενόμενον.”
1080 1079 1212 1117 ταῦτα
1231 1079 1358 1130 λέγων
1380 1075 1455 1118 οὐκ
1485 1076 1626 1118 ἔπειθε

198 1136 433 1191 Παιαζήτη,
463 1135 566 1179 ἔνθα
587 1136 749 1193 γνώμην
767 1135 1084 1194 ἀποφηνάμενος
1113 1139 1167 1188 ὥς
1194 1142 1242 1196 τῇ
1263 1139 1459 1194 Τεμὴρεω
1485 1158 1625 1196 σφρα-

152 1202 279 1253 ὓγΐδι
307 1199 578 1256 ἐσφράγισται
605 1199 690 1256 ὅρα
710 1201 761 1244 τὰ
782 1205 1038 1256 Παιαζήτεω
1055 1204 1262 1259 χρήματα,
1290 1206 1361 1247 καί
1388 1205 1455 1247 διὰ
1490 1209 1623 1248 ταῦτα
1639 1216 1681 1249 15

197 1267 249 1305 ου’
278 1265 441 1323 τολμῴη
471 1266 581 1308 αὐτοὶ
610 1270 821 1319 διανεῖμαι
847 1275 932 1316 τοῖς
958 1270 1241 1322 στρατιώταις.

309 1334 451 1372 Ταῦτα
479 1335 557 1384 μὲν
583 1329 658 1373 οὖν
689 1335 732 1381 ἐς
758 1337 953 1375 τοσοῦτον
984 1334 1226 1386 ἐβουλεύετο
1238 1336 1488 1392 Παιαζήτῃ·
1516 1335 1623 1388 μετὰ

194 1397 240 1437 δὲ
268 1399 425 1447 ταῦτα,
463 1395 521 1444 ὥς
565 1397 751 1439 ἐλαύνων
778 1399 853 1438 οὐκ
882 1399 999 1452 α’νίη,
1028 1401 1199 1454 α’φίκετο
1234 1402 1304 1441 ἐπὶ
1335 1397 1525 1454 Οὕγκραν
1553 1403 1626 1454 τῆς

194 1463 384 1513 Φρυγίας
414 1461 559 1517 πόλιν,
587 1461 690 1503 ἔνθα
726 1461 776 1516 δὴ
818 1463 890 1503 καί
922 1462 1107 1520 Τεμήρης
1147 1463 1528 1518 ἐστρατοπεδεύετο,
1555 1467 1627 1506 έπί

193 1528 369 1567 Mvolav
393 1529 438 1568 έν
466 1530 522 1583 νῷ
549 1521 671 1580 ἔχων
702 1530 774 1568 καί
800 1527 869 1568 ἐπὶ
895 1520 1102 1580 Προῦσαν
1133 1528 1180 1570 τὰ
1207 1529 1399 1581 βασίλεια
1427 1527 1622 1584 Παιαζη-
1635 1543 1680 1577 20

191 1605 272 1631 τεω
295 1589 610 1646 στρατεύεσθαι.
639 1591 696 1640 ὥς
728 1593 773 1634 δὲ
802 1593 938 1645 α’γχοῦ
967 1593 1125 1645 ἐγένετο
1155 1597 1228 1635 τοῦ
1261 1593 1459 1648 Τεμὴρεω
1491 1610 1623 1648 στρα-

282 1710 314 1743 5.
339 1711 482 1756 λέγεταί
501 1723 585 1746 τινα
606 1711 682 1747 τῶν
704 1712 810 1748 ἐννέα
834 1709 1029 1757 ἀρχόντων
1054 1713 1084 1746 Η

192 1819 280 1854 quas
310 1809 405 1842 orbis
433 1809 540 1843 habet
565 1812 873 1853 generosissimus,
919 1811 957 1843 in
983 1811 1099 1855 sugam
1130 1813 1355 1844 coniecimus.
1405 1819 1621 1858 quapropter

191 1866 236 1887 ne
262 1866 325 1887 nos
354 1858 626 1900 contempseris,
650 1863 686 1889 et
722 1869 766 1890 ne
806 1859 946 1900 peiores
980 1860 1352 1902 contemptioresque‚
1379 1864 1550 1903 quantum
1575 1859 1621 1891 ad

193 1900 436 1934 fortitudinem
461 1903 600 1942 attinet,
628 1914 692 1935 nos
718 1903 856 1945 Scythis
887 1909 922 1935 et
940 1904 1170 1936 Tzaclmtaeis
1196 1904 1411 1946 ostenderis3
1437 1906 1498 1948 qui
1523 1917 1620 1938 nun-

191 1959 295 1992 quam
322 1947 446 1991 gladiis
474 1959 546 1980 rem
569 1954 716 1992 gerunt,
745 1949 807 1981 sed
833 1951 976 1991 sagittas
1004 1955 1040 1982 et
1063 1950 1178 1983 iacula
1209 1951 1410 1984 emittentes
1438 1959 1620 1996 nunquam
1675 1968 1681 1972 ¹

191 1994 320 2027 libenti
345 1994 464 2027 animo
489 1994 534 2027 ad
562 2006 710 2039 pugnam
734 1995 941 2028 accedunt.’'

286 2051 331 2083 Ut
353 2050 496 2088 dicendi
534 2052 639 2084 finem
678 2051 764 2085 fecit
788 2064 868 2093 rex,
894 2064 983 2085 unus
1012 2052 1056 2086 de
1082 2063 1229 2085 numero
1252 2063 1379 2085 novem
1404 2053 1532 2086 ducum
1553 2054 1621 2088 liu-

192 2097 346 2130 iusmodi
383 2108 578 2130 sermonem
623 2098 759 2131 habuit.
818 2100 1011 2143 “quoniam
1045 2100 1171 2142 igitur,
1196 2111 1216 2131 o
1242 2110 1326 2138 rex,
1350 2106 1482 2132 certum
1509 2106 1562 2133 est
1585 2106 1621 2134 et

192 2144 311 2176 animo
343 2149 406 2176 tuo
439 2145 509 2176 iam
547 2144 653 2178 fixum
681 2145 779 2177 utin
808 2143 944 2177 hostem
973 2156 1181 2189 pergamus,
1217 2156 1280 2188 age
1320 2144 1503 2179 thesauros
1539 2152 1620 2180 tuos

193 2189 348 2230 reclude,
377 2195 414 2223 et
437 2190 627 2235 dispartire
653 2202 711 2223 eos
738 2201 800 2235 per
827 2192 1019 2224 exercitum
1046 2191 1278 2223 laborantem.
1329 2197 1509 2237 utcunque
1533 2193 1618 2226 iude

194 2236 282 2269 belli
311 2235 476 2269 ceciderit
500 2237 591 2277 alea,
617 2236 643 2269 si
673 2237 710 2269 in
735 2247 815 2269 eum
847 2237 988 2269 modum
1014 2236 1199 2270 thesauros
1225 2237 1398 2270 militibus
1424 2237 1619 2272 distribue-

195 2283 252 2322 ris,
284 2282 388 2316 nobis
412 2282 447 2315 hi
472 2282 569 2316 lucro
596 2288 712 2316 eruut·
777 2284 805 2314 si
840 2283 1008 2315 victoriae
1033 2294 1150 2316 casum
1172 2285 1420 2324 invenerimus,
1450 2285 1620 2319 immensa

194 2328 371 2361 bonorum
395 2328 508 2362 aderit
534 2329 652 2373 copias
688 2329 715 2361 si
741 2328 843 2361 Persa
867 2330 1007 2369 vicerit,
1044 2341 1116 2362 non
1145 2329 1361 2374 poenitebit,
1388 2331 1620 2374 quemadmo-

195 2375 279 2407 dum
305 2375 468 2415 consulo,
491 2386 570 2408 cum
595 2374 767 2408 thesauris
792 2375 938 2418 egisse?
997 2375 1139 2408 Paiaziti
1172 2381 1289 2408 tamen
1322 2376 1531 2419 persuadere
1554 2389 1620 2410 ne-

196 2421 322 2465 quivit.
370 2421 454 2454 hine
471 2421 599 2454 ⁴*fertur
631 2421 702 2454 dux
727 2420 857 2454 dixisse
891 2428 997 2464 “ergo
1022 2422 1175 2454 Temiris
1200 2423 1336 2464 signum
1361 2423 1524 2456 Paiazitis
1550 2435 1622 2456 nu-

195 2467 316 2499 misma
339 2472 457 2510 tenet3
482 2479 590 2512 quare
614 2473 793 2512 permotus
817 2479 888 2500 non
917 2467 1024 2500 audet
1049 2467 1086 2500 id
1110 2467 1322 2500 distribuere
1347 2479 1411 2512 per
1432 2469 1598 2502 milites.”

287 2525 383 2556 llaec
410 2523 555 2568 quidem
582 2524 752 2557 hactenus
779 2523 1001 2557 deliberabat
1024 2524 1204 2557 Paiazites.
1238 2530 1360 2568 postea
1384 2525 1623 2570 proficiscens,

196 2580 274 2602 cum
299 2570 389 2602 nihil
413 2571 608 2615 perficeret,
634 2571 795 2615 pervenit
823 2571 967 2602 Uncram
994 2571 1159 2614 Phrygiae
1200 2571 1334 2603 urbem.
1382 2572 1433 2604 ibi
1457 2583 1533 2604 cum
1558 2582 1621 2605 ex-

195 2616 307 2648 ercitu
332 2622 408 2650 erat
432 2622 468 2650 et
492 2617 661 2656 'l'emires‚
684 2617 816 2649 bellum
843 2627 1050 2661 promovens
1074 2621 1195 2650 contra
1219 2617 1378 2660 Mysiam,
1403 2617 1520 2650 animo
1545 2617 1619 2660 ugi-

197 2668 274 2694 tans
299 2662 395 2695 bello
422 2668 542 2707 petere
567 2664 728 2702 Prusam,
766 2664 896 2706 regiam
925 2662 1085 2696 Paiazitis
1123 2662 1252 2696 sedem.
1310 2675 1388 2697 cum
1411 2669 1528 2696 autem
1553 2674 1621 2706 ap·-

198 2709 470 2754 propinqnasset
487 2710 636 2743 Temiris
665 2709 847 2750 exercitui,
871 2709 974 2743 etiam
1000 2709 1075 2754 ipse
1100 2714 1211 2743 castra
1230 2710 1361 2754 posuit,
1385 2710 1500 2755 spatio
1527 2710 1620 2742 inter
