1858 3210
19 0 57 243 Ξ
487 169 562 209 DE
599 169 771 210 REBUS
809 166 1064 210 TURclcls
1101 168 1149 208 L.
1176 168 1234 210 X..
1474 161 1577 209 523

22 266 35 296 -'
218 265 510 322 Ἐστρατεύετο
536 269 585 311 δὲ
604 270 840 324 Μεχμέτης
870 267 893 310 ὅ
919 265 1194 322 Ἀμουράτεω
1212 265 1285 310 ἐπὶ
1309 266 1384 324 τήν
1404 268 1577 321 Λέσβον
1593 275 1630 310 P.
1646 276 1718 312 279

14 355 16 358 ·
42 365 46 369 .
105 332 162 375 δι’
209 331 348 382 αἰτίας
387 334 471 375 τῶν
510 331 718 390 πρότερόν
761 349 838 387 μοι
893 335 1217 388 δεδηλωμένων,
1262 334 1478 390 ἐπιφέρων
1531 347 1577 375 τε

11 298 50 518 ξ’
104 397 178 441 τόν
219 399 301 440 τοῦ
342 399 535 456 α’δελφοῧ
580 399 712 456 φόνον
759 401 833 442 καί
883 401 1081 453 τιμωρῶν
1129 400 1180 455 τῇ
1225 397 1384 441 ἐκείνου
1428 400 1579 456 ψυχῇ,

105 464 215 520 μετὰ
261 466 310 508 δὲ
336 465 408 506 καὶ
451 465 522 508 διιὲ
553 465 631 521 τήν
669 463 776 522 πρὸς
814 464 913 514 τοὺς
959 465 1160 519 πειράτας
1201 463 1395 520 ἑταιρίαν
1430 463 1581 508 αὐτοῦ.

11 518 33 582 ξ
72 527 319 584 δέκομίζετο
363 531 412 573 δὲ
454 528 587 580 αὐτὸς
630 533 708 585 μὲν
754 532 861 588 πεζῇ
905 531 948 579 ἐς
998 529 1076 584 την
1107 529 1256 573 Ἀσίαν
1299 529 1474 586 διαβάς,
1508 529 1583 574 τὸν

107 597 157 639 δὲ
185 593 335 638 στόλον
362 596 498 639 αὐτοῦ
521 595 595 639 διὰ
623 595 844 652 θαλάσσης
872 595 1105 650 ἐκπέμψας,
1134 595 1322 650 τριήρεις
1350 598 1429 648 μὲν
1459 598 1583 638 πέντε

107 663 183 705 καί
209 659 356 718 εἴκοσι,
383 667 512 705 πλοῖα
541 664 589 706 δὲ
621 662 754 717 μικριὶ
784 663 902 719 α’μφί
925 661 976 704 τὰ
1007 659 1168 706 ἑκατόν.
1227 663 1326 710 τοὺς
1345 664 1393 704 δὲ
1410 663 1583 718 τηλεβό-

109 732 211 778 λους
240 726 312 771 διὰ
341 728 563 784 θαλάσσης
588 726 782 781 ἐκόμιζεν
813 730 857 777 ἐς
884 727 957 784 τὴν
986 731 1129 782 νῆσον,
1156 730 1231 770 καί
1246 730 1394 777 λίθους
1423 728 1582 771 τούτων

16 846 20 850 .
106 794 223 850 α’μφί
242 792 341 843 τούς
370 796 619 849 δισχιλίους.
673 794 750 849 τῆν
777 797 856 848 μὲν
886 791 963 837 οὖν
994 792 1267 850 παρασκευὴν
1295 797 1370 836 τοῦ
1398 794 1621 847 πολέμουΒ

51 859 275 915 ιθέκέλευε
299 860 372 904 crui
403 861 623 917 θαλάσσης
668 862 969 914 ἐκκομίζεσθαι
1006 863 1051 912 ἐς
1096 860 1173 916 τὴν
1202 864 1350 917 νῆσον,
1379 859 1508 910 αὐτὸς
1535 862 1584 904 δὲ

14 939 18 941 “
105 925 360 984 ἀφικόμενος
397 924 442 976 ἔς
469 944 511 970 τι
540 926 684 970 πεδίον
728 926 980 982 ἐπεραιοῦτο
1017 929 1060 978 ἐς
1091 928 1168 982 τήν
1195 929 1334 982 νῆσον.
1378 927 1504 976 αὐτός
1535 942 1583 970 τε

105 996 179 1037 καί
209 991 250 1036 οἱ
274 996 359 1036 τῶν
384 996 533 1048 θυρῶν
567 988 686 1044 ὄντες
732 996 806 1036 καί
845 993 928 1036 ἀπὸ
976 997 1050 1050 τῆς
1080 995 1292 1049 Εὐρώπης
1333 993 1451 1050 α’μφί
1480 991 1583 1044 τούς

104 1061 357 1115 δισχιλίους.
411 1058 463 1103 τοὶ
493 1060 574 1116 γάρ
598 1076 662 1103 τοι
691 1061 997 1116 στρατεύματα,
1029 1061 1088 1111 ὥς
1118 1063 1261 1116 διῆκεν
1290 1059 1478 1103 ἐπανιών
1497 1046 1579 1102 ἀπό

7 1183 13 1187 ν
103 1126 178 1182 τῆς
203 1126 398 1180 Δακιάς,
441 1127 595 1169 αὐτίκα
634 1126 754 1184 ἐπῄει
791 1141 836 1169 τε
877 1127 920 1176 ἐς
959 1126 1033 1182 τὴν
1070 1129 1196 1182 νῆσον
1237 1126 1309 1168 καί
1350 1127 1581 1181 α’πέβησαν.

7 1194 18 1199 ’“
49 1183 346 1248 issar-§spamae
375 1193 422 1234 δὲ
452 1193 608 1236 αὐτίκα
636 1195 711 1236 καί
738 1191 930 1251 ἐδῄωσαν
958 1191 1032 1248 τήν
1059 1194 1199 1247 νῆσον,
1227 1194 1301 1235 καί
1326 1190 1581 1247 ἀνδράποδα

104 1257 228 1312 ὄλίγα
258 1256 607 1312 οἷπενεγκάμενοι.
665 1258 775 1312 μετὰ
808 1261 855 1301 δὲ
876 1261 1011 1302 ταῦτα
1042 1258 1170 1309 αὐτὸς
1202 1258 1405 1312 βασιλεὺς
1432 1259 1579 1313 λόγους

102 1326 340 1381 προσέφερε
383 1325 443 1383 τῷ
471 1327 647 1379 Λέσβου
696 1324 891 1382 ἡγεμόνι,
919 1327 1166 1378 ἐπιπέμψας
1206 1322 1380 1380 ἄγγελον
1408 1327 1482 1367 καὶ
1513 1340 1579 1367 κε-

104 1389 237 1433 λεύων
263 1390 342 1446 τήν
367 1406 414 1433 τε
441 1389 564 1433 πόλιν
589 1390 878 1446 παραδιδόναι
904 1391 978 1434 καί
1002 1392 1118 1448 αὐτῷ
1148 1389 1218 1433 διὰ
1241 1393 1379 1433 ταῦτα
1407 1389 1619 1443 {napa-C

0 1506 2 1514 k
104 1457 234 1511 πῆναι
260 1454 407 1511 χώραν
435 1454 584 1512 ἱκανήν
609 1456 705 1499 ὑπὸ
726 1460 946 1511 βασιλέως.
1004 1456 1026 1498 ὁ
1047 1459 1093 1500 δὲ
1122 1452 1396 1514 ἀγνωμοσύνῃ
1417 1472 1462 1498 τε
1491 1458 1579 1498 διε-

2 1569 7 1575 ,
46 1524 257 1578 2οχρῆτο,
288 1522 364 1565 καί
389 1524 444 1564 ου’
480 1526 677 1579 προσίετο
716 1523 794 1573 τὰς
837 1522 1022 1573 σπονδὰς
1058 1525 1134 1564 τοῦ
1169 1525 1393 1580 βασιλέως.
1450 1525 1578 1576 βασι-

105 1588 202 1638 λεύς
227 1590 275 1632 δὲ
302 1588 405 1639 τούς
437 1588 690 1646 τηλεβόλους
707 1589 991 1647 ἱδρυσάμενος
1020 1588 1063 1641 ἐς
1091 1589 1166 1646 τὴν
1193 1589 1315 1632 πόλιν
1341 1588 1474 1638 αὕτὸς
1498 1591 1578 1642 μὲν

11 638 32 663 :''
8 590 27 628 *s

14 791 26 822 5

11 831 20 845 Δι

200 1705 256 1742 16.
285 1707 578 1755 ἐπενεγκάμενοι
603 1708 628 1741 Ρ

199 1802 244 1836 At
278 1802 499 1836 Mechmetes
531 1803 710 1837 Amuratis
748 1803 846 1836 filius
879 1802 1029 1837 hostilia
1067 1813 1163 1835 arma
1193 1801 1320 1836 intulit
1354 1801 1497 1843 Lesbo,
1519 1801 1576 1837 his

106 1848 152 1883 de
184 1850 298 1882 causis
334 1861 422 1896 quas
453 1861 560 1896 supra
600 1851 885 1884 memoravimus.
943 1849 1139 1883 accedebat
1173 1855 1317 1895 praeter
1344 1849 1577 1890 societatem,

106 1905 215 1943 quam
245 1907 326 1930 cum
359 1898 485 1942 piratis
524 1897 799 1938 inierat,Lesbi
837 1898 1016 1942 princeps,
1050 1898 1159 1930 etiam
1186 1897 1305 1929 fratris
1329 1908 1442 1935 mors,
1472 1896 1574 1930 cuius

105 1944 250 1990 culpam
281 1944 320 1977 in
353 1955 434 1976 eum
463 1945 665 1990 principem
703 1955 765 1978 rex
796 1944 1052 1984 transferebat,
1090 1950 1127 1978 et
1167 1944 1291 1976 ulcisci
1338 1943 1458 1976 fratris
1491 1955 1571 1976 ma·

105 2001 171 2024 nes
209 1991 248 2025 in
285 1990 446 2024 animum
486 1991 689 2026 induxerat.
752 2003 815 2025 rex
850 1991 998 2037 quidem
1034 1991 1163 2024 itinere
1190 1991 1350 2035 pedestri
1384 1991 1423 2023 in
1458 1990 1577 2023 Asiam

105 2038 282 2072 transiens
320 2038 526 2072 ferebatur:
564 2044 602 2073 at
634 2039 806 2080 classem,
846 2050 940 2084 quae
978 2038 1287 2084 complectebatur
1322 2038 1483 2071 triremes
1520 2038 1578 2070 vi-

105 2085 197 2130 ginti
231 2085 394 2131 quinque
433 2091 470 2119 et
508 2097 617 2120 naves
651 2087 808 2120 minores
851 2092 1022 2127 centum,
1065 2096 1131 2131 per
1177 2096 1273 2118 mare
1317 2085 1420 2129 sequi
1464 2084 1577 2118 iubet.

104 2131 320 2166 bombardas
355 2143 422 2178 per
457 2144 552 2166 mare
597 2135 635 2167 in
674 2133 831 2167 insulam
875 2145 951 2166 eam
996 2134 1275 2178 transportavit,
1311 2143 1451 2165 necnon
1485 2132 1578 2176 lapi-

105 2178 190 2220 des,
231 2179 364 2225 quibus
396 2186 648 2221 onerarentur,
688 2181 830 2214 circiter
868 2180 924 2213 bis
961 2180 1072 2213 mille.
1134 2179 1222 2212 belli
1256 2179 1404 2224 quidem
1440 2179 1576 2212 instru-

103 2231 228 2260 menta
253 2232 290 2260 et
315 2226 500 2261 machinas
527 2228 617 2260 mari
645 2227 690 2260 ad
717 2238 793 2260 eam
823 2228 976 2260 insulam
1010 2226 1161 2260 subvehi
1189 2227 1337 2260 curavit.
1389 2226 1465 2271 ipse
1490 2236 1576 2260 vero

103 2274 254 2308 veniens
280 2273 496 2316 possidium,
522 2275 682 2320 pedestri
709 2276 840 2308 itinere
870 2275 914 2307 ad
942 2275 1096 2307 insulam
1124 2273 1334 2314 accedebat,
1363 2273 1498 2306 ducens
1524 2274 1578 2305 ia-

104 2331 255 2354 nuarum
279 2321 414 2354 milites
457 2327 494 2356 et
517 2322 691 2367 quosdam
717 2322 922 2367 Europaeos
938 2347 947 2362 ‚
971 2322 1115 2355 circiter
1141 2321 1197 2354 bis
1223 2321 1335 2354 mille.
1387 2331 1471 2353 nam
1497 2331 1577 2353 cum

106 2367 304 2402 dimisisset
327 2369 505 2402 exercitus
532 2369 675 2403 rediens
701 2369 745 2402 ab
774 2369 905 2407 Dacia.
931 2369 1104 2402 continuo
1134 2368 1272 2401 bellum
1298 2367 1466 2401 movebat
1489 2378 1577 2400 cou-

104 2419 161 2449 tra
185 2414 291 2448 istam
313 2415 478 2448 insulam.
541 2417 668 2462 copiae
698 2416 761 2448 ubi
786 2417 824 2449 in
857 2417 1104 2450 continentem
1133 2420 1218 2448 sunt
1247 2415 1446 2460 expositae,
1474 2414 1576 2448 inico

104 2462 346 2496 incursionem
371 2462 536 2497 fecerunt
562 2466 602 2497 in
628 2464 782 2497 insulam
810 2475 961 2509 eamque
981 2462 1145 2508 populati
1172 2467 1265 2495 sunt.
1316 2472 1438 2494 verum
1464 2471 1578 2506 pauca

106 2508 194 2542 inde
217 2509 448 2543 abstulerunt
474 2511 664 2554 mancipia.
712 2522 794 2544 mox
820 2511 974 2554 legatum
1014 2508 1058 2541 ad
1089 2509 1194 2543 Lesbi
1222 2509 1348 2542 ducem
1376 2509 1484 2549 misit,
1512 2507 1576 2554 qui

107 2556 206 2590 iussu
233 2556 324 2600 regis
352 2556 490 2591 diceret
515 2559 670 2603 principi
707 2570 769 2591 seu
796 2557 879 2591 duci
914 2563 954 2590 ut
979 2555 1101 2589 urbem
1128 2555 1289 2589 dederet.
1340 2555 1438 2600 quod
1463 2555 1492 2588 si
1519 2555 1575 2587 fa-

108 2608 217 2643 ceret,
236 2603 321 2636 ,fore
347 2609 389 2637 ut
413 2603 460 2637 ab
485 2616 567 2649 roge
591 2607 773 2651 acciperet
797 2606 904 2638 aliam
925 2610 961 2637 et
979 2602 1173 2636 admodum
1199 2613 1363 2646 magnam
1382 2602 1575 2646 regionem.

108 2651 278 2695 princeps
306 2650 423 2691 Lesbi,
449 2653 570 2685 nescio
601 2664 674 2698 quo
701 2653 808 2696 genio
823 2652 919 2685 malo
945 2652 982 2684 in
1013 2656 1246 2683 transversum
1269 2649 1482 2691 abstractus,
1508 2660 1576 2694 pa-

108 2708 185 2730 cem
212 2698 302 2742 regis
327 2704 536 2742 aspernatus
573 2705 640 2732 est.
699 2711 762 2732 rex
795 2701 918 2744 itaque
960 2696 1176 2730 bombardas
1215 2698 1344 2731 sistens
1385 2702 1422 2730 et
1450 2702 1576 2729 contra

109 2744 236 2779 urbem
261 2744 440 2790 dirigens,
466 2746 505 2780 in
526 2744 792 2781 'continentem
834 2745 1008 2792 pergebat
1042 2744 1195 2778 consilio
1222 2744 1482 2786 Machameus,
1510 2744 1578 2790 qui
