1774 3204
233 165 327 214 554
557 174 772 215 LAONici
815 174 1319 215 CHALCOCONDYLAE

231 272 384 311 δοκεῖτε
413 268 517 323 πρὸς
547 270 676 312 πολλοὶ
708 266 855 323 ἄνδρες
883 266 990 311 εἶναι
1023 271 1098 311 ου’κ
1126 269 1326 324 ἀξύνετοι,
1353 270 1445 314 ἔστε
1473 271 1525 314 τὰ
1553 267 1660 314 ἄλλα

228 337 304 374 τοῦ
327 337 422 387 βιόυ
459 337 530 377 καί
562 336 604 383 ἐς
628 334 678 376 τοὶ
720 338 867 376 δέοντα
899 332 1038 384 αὐτοῖς
1072 337 1321 387 λογίζεσθαι.
1375 338 1504 379 ἐκεῖνο
1531 339 1578 378 δὲ
1606 337 1660 378 οὔ

230 400 380 439 δοκεῖτε
422 396 520 451 ἡμῖν
545 401 809 452 μεμνῆσθαι,
846 399 903 447 ὥς
933 399 1004 440 τὸν
1044 399 1115 440 ε’πί
1143 402 1222 441 τῶν
1254 399 1445 453 Τούρκων
1482 400 1660 453 πόλεμον

228 461 689 515 συμπαρελαμβάνομεν
732 465 925 512 πολλάκις
973 466 1104 516 ὑμᾶς,
1144 467 1216 506 καί
1243 465 1316 505 οιῖκ
1343 463 1570 518 ἠθελήσατε
1591 481 1660 508 τι·

229 532 414 578 μωρεῑν,
458 528 795 580 παρακαλοῦντος
841 526 929 581 ἅμα
968 529 1038 569 καί
1069 529 1143 570 τοῦ
1186 531 1381 582 μεγίστου
1417 531 1693 584 ιῖρχιερέως,5

231 593 320 630 ἀλλ’
347 593 596 632 ἐσπένδεσθε
622 594 678 649 τῷ
701 593 903 649 βαρβάρῳ
927 593 999 634 καί
1026 593 1142 647 ἡμῶν
1185 593 1305 646 λόγον
1335 594 1484 634 οὐδένα
1511 595 1661 634 ἐποιεῖ-

193 658 319 705 noes,
346 655 543 709 ἐφάσκετε
584 658 629 698 δὲ
671 658 726 705 ὥς
755 657 828 697 οὐκ
867 656 1002 698 εἰκότα
1032 658 1150 708 ὑμῶν
1178 656 1491 713 προσδεόμεθα,
1519 657 1662 699 κελεύ-

230 734 344 767 οντες
372 720 593 771 ἐπαμύνειν
618 724 715 774 μηδ’
745 718 885 762 ὁτιοῦν
900 721 1085 774 χαλεπὸν
1112 719 1329 770 ἐπιδόντας
1355 721 1437 763 ὑπὸ
1458 722 1533 763 τοῦ
1555 725 1660 775 βαρ-

227 781 377 835 βάρου.
436 783 508 825 καί
545 786 663 839 ἡμεῖς
691 785 739 840 δὴ
771 782 878 826 οὕτω
920 787 1111 834 πολλάκις
1145 786 1217 827 τὸν
1246 782 1418 839 Ἴστρον
1445 785 1660 839 διαβάντες

228 847 430 901 α’νὴκεστα
466 851 749 902 πεπόνθαμεν.
824 852 896 890 καί
922 851 1080 904 πρῶτον
1108 852 1185 902 μὲν
1212 852 1456 899 Λαδίσλαος
1492 847 1659 905 ὃτῆσδε
1675 856 1716 890 10

226 914 295 964 τῆς
320 912 463 964 χώρας
489 914 685 966 βασιλεὺς
729 912 1005 967 ἐτελεύτησεν,
1043 914 1146 969 ἀνὴρ
1175 916 1391 968 γενόμενος
1419 915 1585 968 α’γαθός,
1611 914 1655 956 τὸ

227 974 420 1029 δεύτερον
460 973 587 1026 αὖθις
624 981 771 1019 πολλοί
788 994 832 1020 τε
867 976 957 1031 ἅμα
1002 981 1075 1020 καί
1109 980 1266 1033 άγαθοί
1309 982 1354 1021 ἐν
1380 978 1559 1035 Κοσόβῳ
1587 981 1660 1034 τῆς

231 1043 470 1093 Τριβαλλῶν
493 1044 638 1095 χώρας
667 1042 703 1084 οἱ
734 1044 811 1094 μὲν
839 1044 882 1084 ἐν
910 1045 966 1098 τῷ
1005 1045 1168 1100 πολέμῳ
1197 1045 1421 1096 α’τιέθανον,
1449 1041 1487 1085 οἱ
1513 1046 1560 1084 δὲ
1589 1047 1660 1084 καί

226 1102 414 1146 ἑάλωσαν
453 1104 534 1146 ὕπὸ
572 1106 778 1161 Τούρκων.
842 1110 977 1149 ταῦτα
1023 1110 1167 1159 μέντοι
1207 1106 1308 1161 ὑμῖν
1335 1109 1379 1149 ἐν
1404 1109 1461 1164 ’τῷ
1489 1105 1657 1161 παρόντι

225 1167 559 1225 ἑπιμεμφρμεθα.
615 1178 811 1226 τιμωρεῖν
839 1174 886 1214 δὲ
907 1171 1203 1226 ὑποδεχόμεθα
1233 1174 1387 1214 αὐτίκα
1419 1173 1534 1224 μάλα
1563 1173 1660 1213 δια-
1672 1179 1716 1214 15

225 1231 369 1283 βάντες
412 1232 485 1275 τὸν
517 1231 711 1290 Ἴστρον,
746 1238 790 1284 ἐς
829 1234 926 1278 ὅσον
954 1237 1134 1291 ἐγχωρεῖ
1167 1239 1211 1278 ἐν
1235 1239 1292 1293 τῷ
1317 1238 1462 1292 τοιῷδε
1491 1235 1659 1290 βλάψαι

186 1300 293 1350 Cttjv
318 1299 463 1350 χώραν
497 1301 570 1341 τοῦ
607 1300 838 1355 βαρβάρου.
896 1297 996 1355 ἦρος
1033 1303 1070 1342 δ’
1097 1303 1382 1355 ἐπιγενομένου
1408 1298 1660 1356 στρατευσό-

223 1364 335 1412 μεθα
382 1363 451 1404 ἐπί
486 1362 558 1416 τήν
607 1367 787 1419 ἐκείνου,
827 1366 1121 1418 πειρασόμενοι
1159 1366 1216 1415 ὥς
1252 1363 1304 1408 ἂν
1343 1366 1444 1421 διδῷ
1483 1364 1506 1406 ὅ
1545 1361 1657 1414 θεός.

221 1426 357 1477 χρεών
386 1429 431 1468 δὲ
461 1428 533 1469 καί
568 1429 678 1480 ὑμᾶς
705 1428 794 1482 ἅμα
840 1431 1112 1483 ἐσβάλλοντας
1151 1432 1194 1478 ἐς
1229 1429 1310 1484 ,τήν
1340 1429 1660 1483 Πελοπόννησον

85 1500 127 1533 V.
142 1492 419 1542 231βλάπτειν
448 1495 703 1548 πειρᾶσθαι,
733 1493 812 1536 ὅσα
843 1491 894 1536 ἂν
924 1495 1130 1546 δύνασθε,
1160 1494 1217 1543 ὥς
1243 1492 1293 1536 ἂν
1320 1497 1381 1538 ἐπ’
1413 1495 1656 1550 ἀμφοτέρων
1668 1497 1714 1532 20

222 1559 303 1596 τῶν
329 1559 496 1610 χωρίων
526 1562 779 1614 παρέχοιμεν
805 1562 919 1616 αὐτῷ
950 1559 1172 1614 πράγματα
1203 1559 1486 1613 ἐργαζόμενοι,
1514 1560 1558 1607 ἐς
1586 1559 1658 1611 ἑγ-

313 1665 344 1698 3,
375 1665 423 1704 ὦς
451 1668 487 1704 ἐς
511 1661 576 1701 τὸν
600 1669 684 1703 eni?
709 1681 752 1701 an
779 1668 830 1707 ὥς
852 1671 914 1704 ἐπὶ
938 1666 1026 1704 τόνῗ
1187 1669 1221 1702 8.
1248 1667 1434 1705 ἐπιδόντες
1459 1668 1483 1700 Ρ
1601 1666 1654 1699 10.

312 1712 573 1759 ἐπεπόνθαμεν
597 1717 621 1748 Ρ

225 1806 320 1838 rimis
345 1817 418 1839 esse
444 1809 606 1840 virinon
635 1807 824 1841 admodum
849 1808 1100 1853 imprudentes,
1135 1819 1200 1841 nec
1225 1808 1339 1841 solum
1363 1807 1401 1839 in
1422 1807 1465 1838 iis
1492 1816 1583 1850 quae
1610 1805 1655 1838 ad

224 1852 453 1897 quotidianae
481 1855 571 1886 vitae
601 1866 699 1886 usum
726 1860 900 1898 spectant,
925 1865 1043 1887 verum
1070 1860 1106 1887 et
1130 1855 1167 1887 in
1192 1855 1234 1886 iis
1262 1864 1352 1897 quae
1378 1851 1555 1897 publicam
1584 1851 1652 1884 ali-

224 1898 367 1942 quando
395 1899 437 1931 de
468 1900 569 1932 rebus
594 1901 798 1933 necessariis
823 1901 1121 1933 consultationem
1150 1900 1342 1945 postulant.
1389 1908 1514 1943 parum
1536 1902 1652 1930 antem

226 1944 478 1984 recordamini,
506 1951 544 1978 ut
569 1946 689 1979 videre
714 1946 847 1985 videor,
873 1946 969 1991 quod
997 1947 1134 1990 saepius
1168 1957 1230 1978 vos
1257 1945 1431 1978 cohortati
1456 1955 1586 1981 sumuS.
1614 1949 1654 1976 ut

225 2001 295 2023 una
319 1991 503 2024 nobiscum
526 1992 788 2036 expeditionem
815 1993 997 2026 sumeretis
1021 1997 1141 2025 contra
1165 1992 1320 2025 'Fui-cos:
1342 2001 1461 2023 verum
1487 1989 1654 2022 cohorta-

223 2037 358 2068 tionem
383 2043 536 2070 nostram
575 2038 762 2071 admittere
789 2039 997 2080 recusastis,
1017 2038 1176 2082 quamvis
1206 2037 1250 2070 ad
1275 2036 1421 2070 eandem
1450 2046 1520 2068 rem
1548 2036 1653 2068 etiam

225 2083 388 2125 pontifex
413 2083 584 2116 maximus
624 2096 683 2116 vos
711 2081 964 2117 cohortaretur.
1025 2084 1147 2117 foedus
1174 2084 1363 2128 pepegistis
1387 2093 1465 2114 cum
1489 2081 1651 2119 barbaro,

226 2129 409 2172 nostrique
447 2129 584 2161 nullum
612 2136 808 2174 respectum
834 2131 965 2173 egistis.
1015 2130 1060 2162 ad
1095 2129 1181 2162 haec
1206 2135 1319 2162 vestra
1345 2129 1458 2160 oratio
1483 2132 1558 2160 erat
1585 2138 1650 2158 nos

226 2185 348 2217 parum
381 2174 530 2208 honeste
558 2186 678 2218 agere,
711 2176 874 2208 iubentes
904 2188 965 2208 vos
992 2187 1084 2208 arma
1121 2181 1239 2208 contra
1263 2174 1448 2207 barbarum
1483 2175 1649 2216 arripere,

225 2230 302 2251 cum
333 2221 455 2253 nullae
485 2225 603 2254 tamen
637 2223 712 2254 eius
749 2223 785 2254 in
819 2233 879 2254 vos
907 2228 1028 2254 extent
1062 2221 1223 2255 iniuriae.
1279 2231 1343 2253 nos
1379 2220 1487 2263 igitur
1509 2219 1652 2262 saepius

223 2266 426 2299 traiecimus
450 2267 590 2307 Istrum,
618 2274 653 2300 et
678 2268 843 2300 maximas
869 2268 987 2300 clades
1015 2268 1221 2311 accepimns.
1256 2267 1367 2310 primo
1395 2264 1539 2310 quidem
1565 2264 1650 2296 vla.

223 2310 355 2344 dislaus
381 2323 440 2346 rex
469 2319 591 2346 noster
624 2315 662 2346 in
700 2313 929 2359 expeditione
953 2314 1101 2346 Turcica
1131 2311 1319 2351 occubuit,
1346 2323 1423 2344 cum
1450 2311 1573 2344 fuisset
1599 2310 1651 2342 vir

223 2358 390 2401 optimus.
440 2358 568 2392 deinde
604 2360 730 2392 iterum
765 2359 867 2392 multi
895 2365 932 2392 et
954 2359 1039 2391 boni
1067 2359 1130 2391 viri
1166 2360 1203 2391 in
1228 2358 1368 2391 Cosobo
1394 2357 1546 2400 regionis
1569 2356 1651 2389 Tri·

223 2403 397 2437 ballorum
421 2406 546 2448 partim
572 2407 662 2438 caesi
688 2407 815 2450 partim
840 2406 930 2450 capti
946 2410 1028 2438 sunt
1051 2404 1095 2436 ab
1121 2405 1256 2438 Tui-cis.
1306 2404 1393 2436 haec
1417 2402 1559 2447 quidem
1583 2401 1652 2434 ha·-

224 2454 346 2482 cteuus
383 2450 481 2483 vohis
516 2451 726 2494 exprobrare
763 2451 878 2484 libuit.
942 2456 1117 2484 caeterum
1150 2451 1262 2494 parati
1294 2455 1330 2483 et
1353 2449 1507 2494 prompti
1531 2458 1649 2481 sumus

226 2507 293 2527 nna
317 2495 496 2529 vobiscum
510 2498 686 2541 suscipere
705 2498 852 2537 bellum,
876 2498 1045 2530 continuo
1071 2501 1294 2530 transeuntes
1318 2497 1454 2534 Istrum,
1475 2500 1511 2527 et
1535 2504 1650 2538 quan-

223 2546 296 2573 tum
322 2553 530 2585 possumu5‚
553 2549 750 2576 evastantes
786 2544 962 2586 regionem
986 2543 1136 2575 barbari.
1193 2547 1384 2587 appetente
1410 2551 1491 2573 vere
1515 2539 1648 2572 bellum

224 2586 418 2620 iudicemus
447 2589 543 2632 regi;
572 2589 667 2634 quod
692 2594 860 2634 quantum
887 2589 974 2622 deus
1013 2588 1115 2620 nobis
1139 2589 1216 2633 opis
1241 2588 1392 2627 dederit,
1420 2596 1552 2619 summa
1577 2585 1649 2617 for-

223 2632 374 2665 titudine
403 2645 573 2677 geremus.
621 2641 796 2668 caeterum
823 2641 859 2668 et
884 2646 942 2667 vos
966 2635 1069 2668 simul
1092 2636 1284 2678 irrumpere
1312 2635 1349 2666 in
1367 2633 1647 2676 Peloponnesum

225 2684 261 2710 et
285 2679 452 2713 molestos
490 2693 585 2722 esse,
611 2687 781 2726 quantum
809 2682 967 2720 licuerit,
994 2681 1063 2724 regi
1093 2685 1245 2725 oportet,
1271 2679 1364 2712 utin
1388 2678 1481 2711 hunc
1506 2675 1646 2710 modum
