1884 3178
470 201 573 243 'DE
612 203 787 243 REBUS
826 198 1080 242 TURClCls
1120 201 1167 240 L.
1198 202 1230 239 1.
1534 193 1596 236 53

267 300 398 344 Μετὰ
453 304 658 344 δὲταῦτα
710 299 980 354 ἐστρατεύετο
1022 301 1094 342 ἐπὶ
1130 296 1393 352 Τριβαλλοὺς
1431 297 1503 336 καί
1530 297 1602 337 ἐπί

126 364 372 422 Ἐλεάζαρον
409 371 492 411 ταῖν
531 370 778 422 Τριβαλλῶν
806 365 1016 421 ἡγεμόνα,
1049 363 1155 420 πρός
1182 381 1222 407 τε
1263 363 1362 412 τούς
1401 364 1598 409 Παίονας
1614 367 1707 402 P.27

127 437 413 488 τετραμμένον
456 433 530 476 καί
557 431 830 486 ἐξοτρύνοντα
870 433 1054 480 ἐκείνους
1089 428 1401 485 στρατεύεσθαι
1431 429 1494 470 ἐπ’
1522 427 1599 468 αὖ-

127 499 211 542 τόν.
271 498 291 540 ὅ
333 502 412 551 μὲν
440 496 516 542 οὖν
541 497 794 554 Ἐλεάζαρος
831 499 888 547 ὥς
927 497 1107 540 ἐπύθετο
1139 494 1405 551 Ἀμουράτην
1435 496 1597 536 ἐπιέναι

93 569 194 608 5ἐπ’
225 566 366 619 αὐτόν,
396 565 736 620 παρεσκευάζετο
756 564 960 619 στρατιὰν
978 557 1284 619 συναγείρωνῇ
1314 562 1492 604 ἐδύνατο
1520 575 1598 613 με·

125 634 298 688 γίστην,
329 634 402 675 καί
423 629 458 690 ᾗ
485 632 664 674 ἐδύνατο
694 633 900 686 κράτιστα
942 629 1216 683 ἄμυνόμενος.
1272 627 1520 680 Ἐλεάζαρος
1550 628 1598 668 δὲ

125 691 364 753 θυγατέρας
392 696 500 752 ἔχων
529 700 600 740 ἐπί
625 699 703 750 μὲν
727 699 778 754 τῇ
798 698 879 754 μιᾷ
900 695 1059 739 τούτων
1077 697 1326 749 Σούσμανον
1344 697 1424 735 τῶν
1448 694 1597 748 Ὀδρυ-

125 766 213 807 σαῖν
239 765 418 818 βασιλέα
451 763 653 819 κηδεστήν
691 765 942 819 ἐποιήσατο,
991 762 1063 806 ἐπὶ
1101 763 1148 804 δὲ
1177 763 1227 819 τῇ
1255 757 1375 818 ἑτέρᾳ
1405 762 1597 802 Βοῦλκον

126 830 196 873 τὸν
231 833 309 872 τοῦ
347 830 544 886 Βράγγου
591 833 670 872 τοῦ
713 831 945 873 Πλαδίκεω
989 828 1107 882 υἱόν,
1151 830 1398 882 Καστοριάς
1436 841 1483 867 τε
1523 824 1598 866 καί

70 905 112 940 10
125 897 314 951 Ὀχρίδος
342 900 414 951 τῆς
445 899 490 938 ἐν
520 897 769 953 Μακεδονίᾳ
800 894 1015 952 ἡγεμόνος.
1046 896 1376 950 ἐπικτησάμενος
1407 895 1454 935 δὲ
1482 891 1592 946 μετὰ

123 964 258 1006 ταῦτα
286 962 362 1018 τήν
401 964 446 1005 ἐν
476 965 726 1021 Μακεδονίᾳ
765 961 914 1018 χώραν
941 963 1135 1006 Νικόλεω
1175 964 1251 1003 τοῦ
1287 959 1499 1013 ζουπάνου
1523 959 1597 1001 έπί

123 1032 175 1087 τῇ
209 1031 380 1086 τελευτῇ
420 1025 633 1083 Οὔγγλεσί
658 1046 703 1072 τε
741 1031 815 1072 καί
846 1030 1034 1084 Κράλεω
1071 1030 1154 1071 τῶν
1193 1025 1429 1083 ἡγεμόνων,
1475 1024 1518 1068 τό
1547 1041 1593 1068 τε

125 1097 358 1152 Πρίστινον
387 1097 460 1137 καί
489 1096 683 1151 Νήστεαν
713 1095 823 1138 οὕτω
862 1097 1125 1150 καλουμένην
1152 1097 1301 1149 χώραν
1328 1092 1632 1148 ὖπαγόμενονΒ

124 1157 229 1217 ἄχρι
255 1164 451 1214 ποταμοῦ
480 1164 703 1219 Ἰλλυριῶν,
734 1162 855 1216 ,Σάβα
887 1164 934 1204 δὲ
962 1161 1013 1204 τὰ
1047 1163 1122 1204 νῦν
1156 1163 1436 1216 καλουμένου,
1463 1174 1594 1214 προε-

68 1239 110 1273 15
124 1229 368 1282 ληλυθέναι.
425 1229 498 1270 ἐπί
524 1230 674 1270 τοῦτον
702 1229 760 1277 ὥς
791 1227 1067 1284 ἐστρατεύετο
1097 1227 1361 1282 Ἀμουράτης
1392 1222 1592 1282 ὃὈρχά-

123 1309 216 1348 vem,
249 1293 454 1348 κατέλαβε
483 1292 918 1349 στρατοπεδευόμενον
936 1297 980 1338 ἐν
1009 1297 1138 1353 πεδίῳ
1171 1292 1351 1352 Κοσόβῳ
1380 1290 1492 1335 οὕτω
1518 1309 1592 1334 κα-

124 1363 310 1418 λουμένῳ
350 1363 426 1415 τῆς
457 1362 702 1415 Πριστίνου
731 1361 889 1415 χώρας.
959 1361 1031 1403 καί
1059 1359 1116 1410 ὥς
1146 1363 1333 1404 ἐνταῦθα
1365 1361 1517 1414 παρῆν,
1548 1362 1593 1409 ἐς

122 1425 305 1480 πόλεμον
331 1424 627 1482 παρετάσσετο,
657 1425 767 1481 ἔχων
783 1430 883 1480 μεθ’
917 1425 1076 1469 ἑαυτοῦ
1105 1427 1180 1469 καί
1207 1425 1266 1468 τιὸ
1295 1428 1422 1467 παῖδε
1444 1426 1592 1482 α’μφο-

122 1494 245 1548 τέρω,
264 1490 517 1548 Παιαζήτην
533 1508 579 1535 τε
600 1493 674 1535 καί
694 1491 926 1549 Ἰαγούπην.
957 1491 1003 1535 τὸ
1027 1495 1072 1536 δὲ
1091 1494 1287 1535 ἐντεῦθεν
1312 1494 1491 1548 Τοῦρκοι
1510 1495 1591 1545 μὲν

63 1553 198 1602 2001321
225 1559 357 1615 φασίν
385 1557 652 1615 Ἀμουράτην
690 1559 990 1614 μαχεσάμενόν
1019 1575 1066 1614 γε
1093 1561 1166 1601 καί
1191 1557 1461 1614 τρεψάμενον
1492 1557 1591 1608 τούς

121 1623 220 1681 περὶ
257 1623 516 1681 Ἐλεάζαρον
554 1625 722 1669 διώκειν
767 1626 846 1668 α’νιὶ
878 1628 1051 1681 κράτος,
1092 1625 1299 1668 διώκοντα
1337 1629 1593 1680 καταλαβεῖν

122 1687 259 1748 ἄνδρα
293 1690 550 1747 Τριβαλλόν,
581 1692 653 1736 καί
680 1693 994 1748 ἑπικαταβάντα
1013 1707 1023 1718 ·
1095 1693 1162 1735 τὸν
1196 1695 1242 1735 δὲ
1272 1696 1590 1749 ἐπιστρέψαντα

213 1808 541 1903 ἓλέξοτῗῗνοντας
564 1810 610 1845 P:
645 1822 724 1844 corr
742 1811 773 1844 H
903 1812 936 1847 5.
964 1815 1195 1859 συνεγείρων
1222 1814 1246 1846 P
1390 1811 1448 1846 21.
1472 1825 1589 1847 κατα»

238 1869 261 1891 α
285 1863 341 1894 εἴν
628 1882 633 1886 -

235 1964 398 1999 Tandem
435 1964 560 2013 (1389)
597 1967 784 2000 Arnurates
806 1966 943 2000 bellum
982 1966 1156 2000 Triballis
1188 1967 1315 2001 intulit
1353 1968 1587 2015 ipsorumque

123 2012 210 2047 duci
236 2012 432 2054 Eleazaro,
459 2014 522 2059 qui
563 2012 607 2046 ad
634 2014 839 2047 Pannonios
865 2025 903 2048 se
928 2015 1152 2056 contulerat,
1180 2026 1316 2061 eosque
1346 2015 1520 2049 incitabat
1549 2022 1589 2050 ut

122 2065 247 2094 contra
271 2060 477 2094 Amuratem
512 2071 608 2094 arma
648 2062 862 2105 arriperent.
924 2062 1114 2095 Eleazarus
1149 2067 1189 2095 ut
1213 2062 1356 2096 rescivit
1383 2063 1589 2097 Amuratem

123 2106 310 2141 adversum
341 2118 419 2141 sese
459 2118 538 2140 cum
566 2109 727 2141 exercitu
766 2119 939 2153 pergere,
966 2110 1146 2142 contraxit
1183 2110 1304 2155 copias
1331 2121 1440 2155 quam
1467 2112 1590 2155 potuit

123 2156 314 2196 maximas,
346 2160 387 2188 ut
412 2155 594 2189 resisteret
636 2155 734 2188 hosti
763 2155 912 2189 adeunti
939 2167 1047 2202 quam
1086 2157 1266 2190 acerrime.
1317 2158 1484 2190 Elazarus
1509 2169 1590 2190 cum

122 2201 275 2236 haberet
297 2201 419 2243 filias,
461 2214 533 2235 una
565 2203 739 2236 Susmano
773 2202 1007 2246 Odrysiorum
1040 2204 1114 2236 sive
1158 2204 1411 2238 Moldavorum
1439 2206 1514 2250 regi
1551 2207 1591 2239 in

123 2250 389 2283 matrimonium
417 2250 597 2283 collocata
621 2261 703 2283 eum
731 2250 800 2284 sibi
835 2262 1003 2295 generum
1029 2251 1179 2296 paravit.
1231 2253 1381 2284 alteram
1406 2252 1590 2286 connubio

125 2297 244 2330 iunxit
267 2297 375 2330 Bulco
404 2297 553 2337 Branci,
583 2298 647 2344 qui
691 2298 763 2331 fuit
796 2298 962 2332 Pladicae
999 2299 1115 2339 filius,
1159 2301 1297 2343 regenti
1329 2300 1526 2332 castoriam
1554 2305 1591 2333 et

124 2342 320 2377 Ochridem
345 2343 579 2380 Macedoniae
622 2345 825 2389 regionem,
853 2357 961 2392 quam
995 2351 1102 2379 antea
1135 2346 1309 2379 Nicolaus
1333 2347 1468 2391 Zopani
1494 2348 1589 2381 filius

122 2396 302 2424 tenuerat.
351 2392 502 2425 mortuis
547 2397 667 2425 autem
712 2392 864 2426 ducibus
893 2393 1048 2438 Unglese
1082 2398 1119 2427 et
1154 2393 1309 2434 Chrale,
1335 2395 1527 2427 pristinum
1554 2400 1590 2428 et

121 2437 295 2478 Nisteam,
319 2437 370 2471 sic
393 2438 527 2472 dictam
549 2441 745 2484 regionem,
770 2440 939 2484 subigens
965 2452 1079 2487 usque
1106 2440 1151 2473 ad
1170 2440 1305 2473 flumen
1332 2441 1432 2486 quod
1457 2442 1588 2475 Savum

121 2485 311 2520 nominant
349 2497 553 2531 progressus
587 2492 653 2520 est.
720 2487 890 2520 adversus
932 2487 1028 2521 hunc
1065 2499 1145 2520 cum
1182 2489 1378 2521 exercitum
1423 2487 1589 2522 ductaret

123 2534 321 2575 Amantes,
343 2533 458 2567 missis
485 2534 775 2579 exploratoribus
816 2536 986 2580 cognovit
1011 2547 1091 2569 eum
1119 2535 1294 2568 insedisse
1323 2546 1403 2567 cum
1428 2536 1587 2570 exercitu

123 2590 286 2625 campum
328 2580 384 2613 cui
412 2581 553 2614 Cosobo
582 2593 716 2615 nomen
743 2588 831 2616 erat.
882 2582 1020 2616 ibidem
1048 2583 1224 2615 Amuratis
1252 2582 1492 2616 contubernio
1517 2585 1588 2617 mi-

122 2627 282 2661 litabant
304 2626 471 2661 filii'duo
489 2653 499 2668 ,
534 2629 706 2662 Paiazites
735 2635 773 2663 et
804 2630 966 2675 Iagupes.
1017 2630 1126 2663 Turei
1160 2629 1282 2663 ferunt
1307 2630 1511 2664 Amuratem
1536 2632 1588 2664 ibi

123 2675 362 2720 praeliantem
386 2674 593 2709 Eleazarum
619 2677 738 2720 fugam
766 2676 882 2710 facere
908 2677 1080 2721 coegisse·
1133 2688 1239 2723 quem
1265 2688 1344 2710 cum
1373 2677 1588 2723 insequere-

124 2726 185 2755 tur
208 2732 314 2768 quam
341 2722 577 2763 velocissime,
604 2723 732 2758 incidit
757 2725 793 2758 in
811 2724 929 2757 virum
947 2724 1164 2765 Triballum,
1190 2724 1228 2757 in
1253 2735 1361 2769 quem
1386 2736 1482 2759 arma
1508 2737 1591 2759 ver-

124 2769 181 2802 tit.
231 2769 289 2802 hic
312 2780 391 2802 cum
419 2769 512 2804 foret
537 2769 671 2816 pedes,
708 2782 898 2805 conversus
928 2772 1044 2805 iaculo
1079 2771 1256 2804 transfixit
1282 2772 1459 2806 Arum-atis
1486 2784 1593 2819 prae-
