1774 3204
1657 0 1774 130 Ἲ

244 198 340 244 528
575 200 791 241 LAONlcl
833 200 1337 241 CHALCOCONDYLAE

356 309 436 350 Τὸν
462 310 538 360 μὲν
567 303 641 348 οὖν
671 307 846 361 ἡγεμόνα
873 310 945 360 τῆς
973 309 1142 360 Λέσβου
1171 305 1219 347 οὗ
1249 309 1384 363 πολλῷ
1410 304 1580 361 ὕστερον
1606 308 1670 348 αἰ-

242 373 483 424 τιασάμενος
510 375 712 424 συνέλαβέ
738 387 782 412 τε
818 374 889 413 καί
927 375 1141 425 maa-952»
1183 370 1292 424 ἔχων
1331 374 1374 412 ἐν
1404 373 1584 427 φυλακῇ,
1614 370 1670 419 ὥς

243 440 320 490 μὲν
349 435 427 489 ἐγώ
454 434 689 490 ἐπυθόμην,
729 436 784 484 ὥς
823 438 896 476 οὐκ
936 439 979 478 ἐν
1015 435 1156 491 γνώμῃ
1202 435 1392 489 γεγονότα
1421 436 1479 492 τῷ
1507 438 1677 488 βασιλεῖ

243 501 313 542 τὸν
346 499 525 557 ἡγεμόνα
553 503 717 552 τοῦτον,
749 501 820 542 καί
855 500 1052 555 πρότερον
1089 501 1308 556 ἀχθομένῳ
1341 499 1452 555 αὐτῷ
1479 499 1548 540 ἐπὶ
1570 502 1671 539 πολ-

244 571 327 614 λοῖς
357 565 512 605 οἷεικέσι
539 581 584 605 τε
623 567 694 606 καί
721 566 951 619 ἀνηκέστοις
984 564 1117 618 ἔργοις
1147 565 1251 619 πρὸς
1282 564 1352 606 τὸν
1378 567 1582 616 βασιλέως
1608 558 1704 604 οἶ-5

244 645 328 670 κον.
387 629 443 677 ὥς
470 630 516 670 δὲ
540 629 610 669 ὑπ’
648 625 782 670 ἄλλων
822 631 1001 682 λέγεται,
1034 631 1164 669 παῖδα
1203 627 1461 682 διαφυγόντα
1489 626 1564 676 τὰς
1595 630 1673 679 βα-

243 698 389 742 σιλέως
417 695 552 747 θύρας
582 695 812 748 α’φικέσθαι
840 696 910 734 ἐπί
933 694 999 735 τὸν
1021 696 1192 746 Λέσβου
1219 696 1362 734 τοῦτον
1389 691 1581 746 ἡγεμόνα,
1607 692 1678 732 καί

243 758 528 812 μεταβαλόντα
568 761 610 806 ἐς
645 757 719 812 τὴν
746 760 968 812 θρησκείαν
1006 761 1079 800 τοῦ
1120 760 1253 812 Ἰησοῦ
1285 759 1478 810 γενέσθαι
1501 755 1674 797 παιδικά

244 826 375 865 αὐτοῦ
406 824 461 871 ὥς
477 825 521 864 δὲ
540 822 741 876 ἦΛέσβος
757 821 865 863 ἑάλω
881 823 953 863 καί
967 826 1009 870 ἐς
1022 821 1249 872 Βυζάντιον
1264 824 1419 875 ἐγένετο
1433 819 1677 876 ἐπελέληστό

118 901 288 934 Ρ.282τε
315 891 389 930 τοῦ
418 887 565 937 παιδὸς
604 885 625 927 ὃ
666 887 827 940 ἡγεμών
847 919 858 938 ‚
902 886 972 928 καί
1010 889 1160 941 δώροις
1191 891 1361 940 πέμψας
1401 887 1456 935 ὥς
1483 887 1672 939 βασιλέα,
1689 899 1732 932 10

245 951 474 1005 ἐπέγνωκοίν
501 968 544 993 τε
575 950 612 992 οἱ
642 954 789 1000 παῖδες
819 953 890 992 καί
915 954 1072 1001 ἐξεῖπον
1100 954 1155 1008 τῷ
1179 955 1354 1005 βασιλεῖ’.
1410 953 1482 992 καί
1511 950 1581 992 τὸν
1599 953 1676 1002 μὲν

245 1020 378 1060 παῖδα
400 1021 591 1071 κατέσχη,
627 1019 696 1058 καί
735 1016 804 1057 τὸν
831 1016 1010 1069 ἡγεμόνα
1037 1020 1236 1068 συνέλαβε
1265 1032 1308 1057 τε
1337 1016 1408 1058 καὶ
1435 1018 1478 1058 ἐν
1510 1017 1677 1067 δεσμοῖς

247 1079 491 1134 ἐποιήσατο,
533 1080 623 1133 ἅμα
651 1083 708 1137 τῷ
737 1081 895 1137 ἀνεψιῷ
940 1080 1109 1137 Λουκίῳ
1152 1083 1207 1136 τῷ
1235 1082 1305 1134 τῆς
1334 1080 1473 1123 Αἴνου
1490 1077 1676 1136 τυράννῳ

248 1146 371 1187 παιδὶ
397 1149 623 1202 γενομένῳ,
672 1148 743 1186 καί
773 1149 1193 1202 συγκατεργασαμένῳ
1230 1148 1288 1200 τῷ
1314 1143 1478 1197 ἡγεμόνι
1506 1142 1576 1186 τόν
1602 1144 1678 1184 τοῦ

248 1210 434 1264 ἀδελφοῦ
484 1209 611 1264 φόνον
651 1210 721 1250 καί
766 1208 838 1262 τήν
874 1209 1094 1262 ἠγεμονίαν
1135 1207 1239 1262 ἅμα.
1298 1209 1348 1249 οὔ
1394 1207 1498 1249 πολὺ
1539 1209 1732 1261 μέντοι15

248 1272 424 1328 ὕστερον
451 1277 599 1328 ξυνέβη
625 1278 692 1315 καί
718 1275 812 1315 τόδε
840 1276 991 1322 αὐτοῖς.
1048 1271 1103 1322 ὥς
1128 1273 1206 1327 γὰρ
1234 1276 1277 1315 ἐν
1305 1274 1448 1330 α’πόρῳ
1476 1272 1678 1326 menovi-

248 1355 372 1380 κεσαν
404 1337 555 1394 ἄμφω,
601 1340 674 1379 οὐκ
703 1338 854 1387 εἰδότες
882 1335 960 1395 δ’πῃ
1000 1335 1241 1392 α’παλλαγὴν
1267 1337 1472 1393 εὕρωνται
1497 1339 1568 1391 τῆς
1596 1337 1678 1389 εἱρ-

247 1406 370 1458 κτῆς,’
397 1403 622 1458 ἀνήνεγκαν
651 1402 705 1452 ὥς
735 1407 777 1452 ἐς
815 1403 866 1445 τὰ
914 1405 1066 1457 πάτρια
1111 1403 1162 1445 τὰ
1209 1403 1400 1458 Τούρκων
1441 1403 1546 1445 ἰέναι
1598 1402 1678 1454 ἆμ-

248 1468 414 1524 φότεροι
465 1472 793 1523 προθυμοῦνται.
883 1468 952 1510 καί
1004 1467 1127 1516 αὐτὸς
1166 1470 1242 1520 μὲν
1293 1468 1490 1522 βασιλεύς
1532 1469 1686 1522 ἐσθῆτί

211 1539 289 1575 Bw
316 1532 551 1587 ἐδωρήσατο
579 1534 651 1575 καί
678 1533 814 1590 τιάρᾳ,
840 1537 912 1575 καί
940 1534 1253 1587 περιτεμόμενος
1291 1533 1538 1586 ἐλευθέρους
1568 1534 1675 1588 α’φῆ-
1689 1550 1734 1584 20

249 1613 318 1638 κεν
347 1597 418 1640 ἐπὶ
453 1598 608 1653 ἡμέρας
653 1598 703 1639 ου’
752 1598 928 1651 πολλάς,
968 1598 1070 1650 μετὰ
1112 1601 1157 1639 δὲ
1193 1599 1323 1639 ταῦτα
1361 1598 1509 1639 αὐτίκα
1553 1593 1678 1646 αὖθις

344 1742 396 1775 10.
425 1744 489 1776 καὶ
511 1742 551 1777 ἐν
576 1741 737 1786 δώροις-Ξ)
831 1741 883 1773 17.
912 1739 1068 1780 εῖδόντες
1092 1741 1117 1774 Ρ

341 1874 443 1906 Haud
480 1874 629 1906 multum
665 1875 862 1906 intercessit
888 1875 1074 1918 temporis,
1110 1879 1146 1906 et
1169 1874 1293 1905 Lesbio
1327 1872 1407 1905 duci
1437 1871 1556 1906 nescio
1582 1873 1676 1918 qnod

251 1922 384 1954 crimen
412 1921 568 1964 impegit,
596 1925 808 1964 captumque
834 1921 868 1952 in
888 1921 1024 1952 vincula
1052 1920 1161 1952 dedit.
1212 1932 1275 1962 ego
1292 1920 1434 1964 quidem
1450 1920 1572 1954 audivi
1599 1933 1676 1954 eum

251 1970 289 2000 in
325 1977 497 1999 carcerem
537 1977 612 1998 esse
653 1973 807 2010 raptum,
833 1966 929 2010 quod
967 1967 1171 2009 displiceret
1215 1967 1307 2009 regi,
1343 1973 1379 1999 et
1405 1968 1470 1999 iam
1501 1967 1586 2000 olim
1610 1968 1678 2011 ipsi

254 2013 363 2046 fuerit
385 2013 516 2044 invisus
553 2018 699 2056 propter
735 2013 843 2044 multa
885 2018 920 2044 et
944 2012 1166 2045 intoleranda
1192 2014 1294 2053 mala,
1319 2013 1454 2057 quibus
1474 2014 1601 2057 regiam
1626 2014 1679 2049 fa-

253 2061 387 2093 miliam
414 2059 598 2091 affecisset.
645 2069 786 2098 verum,
813 2063 850 2090 ut
873 2059 933 2090 alii
959 2058 1171 2102 perhibent,
1198 2059 1300 2098 hanc,
1327 2059 1423 2103 quod
1448 2060 1484 2092 in
1508 2070 1679 2092 carcerem

257 2107 436 2139 coniectus
460 2105 518 2144 sit,
542 2105 678 2147 accipio
705 2115 778 2136 esse
813 2116 962 2136 causam.
1020 2105 1138 2137 ferunt
1162 2116 1308 2148 puerum
1339 2105 1514 2149 quendam
1540 2105 1679 2148 fugien-

256 2159 326 2185 tem
354 2153 475 2184 ianuas
505 2151 594 2194 regis
621 2150 756 2182 venisse
784 2150 827 2182 ad
854 2150 945 2182 hunc
974 2151 1074 2182 Lesbi
1103 2150 1240 2183 ducem.
1291 2161 1394 2194 quem
1420 2150 1480 2184 ubi
1508 2151 1678 2184 Christia-

257 2209 323 2232 nae
351 2197 533 2240 religionis
567 2195 635 2229 fide
665 2195 801 2233 imbuit,
829 2207 899 2228 non
925 2195 1099 2229 dubitavit
1136 2197 1338 2240 turpissimo
1362 2207 1478 2230 amore
1505 2197 1679 2242 polluere.

258 2250 429 2288 occupata
455 2249 572 2276 antem
602 2242 728 2283 Lesbo,
753 2253 829 2274 cum
858 2243 1017 2286 princeps
1041 2242 1245 2285 Byzantium
1273 2242 1427 2282 abiisset,
1456 2243 1556 2287 pueri
1584 2243 1681 2276 obli-

258 2296 314 2324 tus
341 2295 403 2322 est.
451 2299 528 2322 eum
568 2289 662 2321 inter
699 2299 843 2321 munera
874 2288 1048 2332 quaedam
1082 2289 1222 2321 missum
1255 2287 1300 2320 ad
1330 2299 1453 2331 regem
1472 2289 1558 2333 regii
1581 2290 1681 2334 pueri

259 2341 490 2380 agnoverunt,
516 2345 658 2379 remque
685 2335 755 2378 regi
781 2334 1031 2376 significarunt.
1078 2345 1138 2366 rex
1173 2346 1319 2379 puerum
1347 2334 1488 2379 quidem
1513 2335 1680 2378 retinuit3

260 2383 384 2415 ducem
411 2382 516 2426 cepit,
540 2386 576 2414 et
603 2382 639 2413 in
671 2391 842 2412 carcerem
872 2380 996 2418 duxit,
1024 2391 1094 2412 una
1119 2391 1196 2412 cum
1225 2381 1435 2413 consobrino
1461 2382 1535 2414 eius
1559 2381 1680 2422 Lucio,

259 2429 349 2462 Aeni
373 2427 560 2472 principe,
594 2428 656 2471 qui
684 2438 759 2459 cum
803 2427 927 2458 fuisset
968 2437 1075 2470 puer,
1101 2425 1202 2458 Lesbi
1237 2427 1432 2471 principem
1455 2428 1494 2460 in
1518 2427 1680 2461 necando

261 2476 367 2507 fratre
394 2480 430 2506 et
452 2472 612 2518 parando
638 2473 835 2516 principatu
877 2478 1018 2504 strenue
1044 2471 1228 2504 adiutarat.
1286 2484 1352 2505 nec
1379 2473 1490 2506 multo
1514 2479 1595 2518 post
1614 2475 1681 2507 Le·

259 2521 360 2553 sbum
386 2525 524 2564 captam
550 2520 586 2551 in
609 2518 701 2552 hanc
724 2519 886 2551 miseram
911 2518 1087 2561 provoluti
1119 2523 1202 2551 sunt
1238 2519 1492 2552 necessitatem.
1539 2531 1617 2552 cum
1642 2520 1680 2552 in

258 2578 392 2600 summo
417 2567 508 2599 vitae
533 2571 653 2598 essent
675 2565 778 2597 ambo
802 2564 1013 2604 discrimine,
1038 2563 1138 2596 dubii
1162 2575 1232 2609 quo
1256 2575 1294 2597 se
1311 2570 1500 2603 verterent,
1523 2577 1681 2610 pronun-

257 2614 392 2646 tiarunt
417 2623 453 2645 se
480 2613 673 2645 Turcorum
709 2611 915 2653 religionem
949 2616 1198 2655 assumpturos.
1266 2622 1326 2644 rex
1363 2610 1513 2656 quidem
1530 2611 1682 2646 donatos

255 2659 385 2691 vestitu
414 2664 450 2691 et
474 2659 562 2691 tiara
591 2656 819 2697 circumcidit,
854 2662 890 2690 et
913 2657 1105 2700 impunitos
1139 2668 1158 2688 e
1183 2667 1321 2689 carcere
1343 2656 1486 2690 dimisit.
1534 2669 1601 2691 nec
1627 2663 1680 2690 ta·

255 2716 336 2738 men
363 2704 423 2737 diu
450 2703 519 2737 hoc
546 2703 673 2748 gaudio
696 2703 837 2737 illibato
874 2703 927 2736 usi
962 2708 1065 2736 sunt:
1102 2714 1182 2736 nam
1210 2702 1307 2737 brevi
1334 2709 1492 2748 tempore
1514 2709 1596 2748 post
1621 2714 1682 2736 eos
