1858 3210
5 0 60 182 ἔγ.
107 3 110 6 ,

44 23 49 30 x

123 39 130 48 ι

5 184 27 298 ξ’
493 205 567 244 m:
597 203 770 244 Rssssus
807 201 1058 245 ‘runcinis
1094 204 1142 243 L.
1168 204 1220 244 x.
1490 193 1584 243 545

7 296 26 338 ᾗ,

124 304 306 362 φυλακῇ,
333 301 567 356 πυθόμενοι
593 306 726 346 ταῦτα
759 304 858 344 οἵτε
893 304 1094 346 Ουένετοί
1121 302 1195 345 καί
1219 301 1258 345 οἷ
1287 304 1472 352 Παίονες
1503 304 1588 344 δει-
1602 313 1634 345 P.
1652 311 1719 346 291

122 367 196 412 νόν
221 371 438 412 ἐποιοῦντο
469 368 542 411 καί
569 371 611 418 ἐς
640 370 772 425 φόβον
808 366 1059 410 καθίσταντο
1087 371 1232 424 μέγαν,
1261 370 1416 411 αὐτίκα
1446 369 1589 421 οἰόμε-

123 450 189 478 νοι
219 435 292 477 ἐπὶ
317 437 433 492 σφᾶς
458 431 571 489 ἥξειν
601 434 646 477 τὸ
675 437 820 477 δεινόν.
881 436 954 476 καί
970 434 1007 477 οἱ
1033 439 1112 488 μὲν
1136 432 1334 478 Οὖενετοί
1359 437 1591 490 ἐχαλέπαι-

123 517 194 542 νον
223 503 540 557 ἐπιφερομένων
570 502 694 556 σφίσι
719 502 800 543 τῶν
817 502 1027 554 βασιλέως
1061 500 1264 555 ὖπάρχων
1293 502 1367 543 καὶ
1394 501 1592 555 χαλεπῶν

91 561 260 609 δὸντων
287 573 374 616 τοῖς
403 564 627 622 ὑπηκόοις,
653 568 845 618 ἐνέμενον
888 568 925 606 δ’
953 562 1068 618 ὅμως
1090 572 1183 616 ταῖς
1213 569 1428 619 σπονδαῖς,
1456 584 1594 623 καρα-

125 635 343 683 δοκοῦντες
370 627 399 691 ᾗ
428 631 690 688 ἀποβήσεται
718 634 843 687 σφίσι
871 630 922 673 τὰ
954 632 1194 686 πράγματα.
1244 630 1300 681 ὥς
1333 635 1380 676 δὲ
1408 635 1456 675 τό
1476 649 1522 675 τε
1551 635 1594 675 έν

124 699 436 757 Πελοποννήσῳ
465 694 647 754 Ἄργος,
690 697 837 752 ἱερέως
883 699 964 740 τῶν
1005 700 1050 740 ἐν
1081 701 1130 756 τῇ
1171 698 1288 740 πόλει
1331 700 1597 753 παραδόντος

123 767 358 824 προδοσίᾳ,
400 763 550 819 ἔλαβεν
582 764 603 806 ὅ
644 765 720 806 τοῦ
757 767 967 816 βασιλέως
1007 762 1215 819 ὕπαρχος,
1242 765 1452 818 Ἀλβάνεω
1479 772 1594 818 παῖς,

123 828 529 887 τοῦνομα«,Ἰησοῦ’ς,
569 830 642 873 καί
679 832 853 872 ἐπέθετο
900 832 1144 886 περιφανῶς
1176 829 1255 885 ἤδη
1285 835 1492 885 πολεμεῖν,
1524 834 1598 873 καί

0 898 13 919 ²
70 904 114 939 10
128 895 389 940 Ναύπακτον
407 899 487 950 μὲν
514 899 752 951 ἐπέδραμεν
778 895 964 952 Ὀμάρης
991 895 1012 943 ὁ
1038 894 1336 951 Τουραχὰνεω,
1366 896 1443 951 τήν
1471 900 1518 939 δὲ
1551 899 1633 939 ε’νΒ

127 961 442 1020 Πελοποννήσῳ
471 961 618 1017 χώραν
654 963 879 1015 Οιῖενετῶν,
924 963 1000 1017 τήν
1028 964 1128 1016 περὶ
1154 963 1384 1018 ῘΡΙεθωνην,
1412 968 1596 1005 καταλα-

123 1028 266 1082 βόντες
292 1027 331 1071 οἱ
359 1031 438 1070 τοῦ
463 1031 670 1082 βασιλέως
700 1031 775 1070 οὐκ
815 1030 1069 1082 ἐνεδίδοσαν,
1100 1031 1288 1071 ἐνταῦθα
1322 1029 1457 1071 οὐκέτι
1490 1031 1598 1071 ἀνα-

0 1097 11 1151 J
122 1096 274 1149 σχετὸν
314 1096 526 1137 ἐποιοῦντο
572 1095 757 1150 ἡσυχίαν
796 1091 946 1149 ἄγειν,
991 1095 1080 1137 ἀλλ’
1123 1094 1397 1148 ἐβουλεύοντο
1425 1098 1503 1148 μὲν
1529 1098 1596 1137 ἐπ’

0 1206 5 1221 ,
123 1160 346 1218 ἀμφότερα
394 1159 605 1215 γινόμενοι
635 1167 726 1210 ταῖς
755 1159 954 1215 γνώμαις.
1030 1160 1298 1215 καταστάσης
1328 1163 1375 1203 δὲ
1405 1166 1596 1218 πολλαχῇ

5 1223 12 1234 ²
67 1229 344 1283 15ἑκκλησίας
381 1229 464 1269 τῶν
502 1229 658 1282 κληιῶν
699 1229 995 1278 καλουμένων,
1037 1226 1206 1282 Βίκτωρ
1245 1231 1327 1269 ταῖν
1360 1232 1598 1270 Καπέλλων

122 1292 271 1346 οἰκίας,
299 1292 407 1348 α’νὴρ
439 1293 601 1351 πλούτῳ
636 1309 679 1335 τε
706 1296 778 1335 καί
809 1290 1019 1346 ἀξιώματι
1050 1297 1243 1347 προέχων
1274 1294 1347 1335 καί
1374 1292 1492 1347 ἄγειν
1523 1297 1597 1336 δο-

124 1361 208 1401 ausi»
241 1357 316 1415 τήν
342 1360 464 1402 πόλιν
491 1358 712 1414 κράτιστος
731 1395 742 1413 ,
772 1361 1181 1414 προσπαρακαλέσας
1212 1363 1285 1402 καί
1309 1360 1405 1409 τούς
1435 1362 1595 1415 προσή-

119 1441 270 1475 κοντας
303 1427 417 1483 αὐτῷ
437 1427 509 1468 καί
535 1416 748 1479 σῧγγενεῖς
777 1427 819 1474 ἐς
856 1424 931 1479 τήν
960 1423 1114 1467 ἑαυτοῦ
1142 1428 1302 1481 ψῆφον,
1331 1428 1496 1480 παριών
1526 1429 1634 1469 &nic

121 1491 167 1533 τὰ
199 1494 319 1546 βῆμα
358 1490 470 1546 ἔλεγε
514 1492 671 1534 τοιοίδε.
729 1486 906 1545 “rivam
940 1492 1160 1547 Ουένετοί,
1191 1496 1386 1548 πολλαχῇ
1415 1495 1493 1545 μὲν
1522 1496 1596 1535 καί

0 1553 2 1557 ’
60 1553 268 1599 Ξθᾶλλοτε
298 1559 432 1599 δοκῶν
480 1557 581 1606 τούς
622 1559 885 1605 ἐνοικοῦντας
916 1557 963 1598 τὸ
996 1552 1102 1598 ἄστυ
1142 1555 1234 1598 τόδε
1265 1557 1323 1612 μὴ
1355 1558 1592 1601 διαπίπτειν
1607 1572 1647 1606 V.
1663 1572 1730 1607 291

118 1625 413 1678 λογιζομένους
451 1622 502 1665 τὰ
534 1625 706 1676 δέοντα,
737 1626 897 1678 βραχεῖ
929 1622 1010 1664 τινί
1053 1621 1161 1680 λόγῳ
1192 1620 1389 1677 ἐνόμιζον
1417 1626 1589 1668 δεῖσθαι

0 421 22 559 ξ

0 559 18 619 Ξ

0 620 14 653 ζ,

0 654 13 679 r'

0 694 11 732 Ξ

0 739 11 790 ;

0 803 20 834 ’θ’

0 868 12 896 3

3 938 13 960 ἲ

0 1001 4 1018 2

116 1837 259 1881 cognito
289 1837 472 1881 regionem
512 1836 715 1880 Illyriorum
745 1836 782 1868 in
808 1834 991 1868 dicionem
1022 1833 1162 1867 venisse
1199 1835 1291 1878 regis
1319 1847 1509 1882 regemque
1533 1839 1584 1871 11-

118 1884 249 1927 iyrium
278 1890 420 1929 captum
447 1884 492 1916 ab
516 1885 632 1917 Tui-co
651 1883 875 1922 occubuisse,
902 1886 1093 1926 propterea
1120 1882 1279 1927 reliquos
1304 1885 1458 1926 regionis
1484 1887 1585 1929 prin-

116 1933 214 1976 cipes
242 1931 478 1965 miserandam
515 1932 551 1964 in
586 1931 738 1964 vinculis
776 1939 880 1973 agere
916 1929 1045 1967 vitam,
1086 1927 1174 1960 haec
1207 1929 1419 1975 neutiquam
1446 1930 1583 1966 diutius

117 1978 269 2012 serenda
295 1989 372 2012 esse
400 1984 636 2020 censuerunt3
668 1989 709 2010 ac
749 1975 942 2009 formidine
971 1985 1099 2018 magna
1125 1974 1371 2017 tentabantur,
1398 1988 1477 2010 cum
1505 1980 1585 2013 ani-

116 2026 184 2059 mis
210 2031 420 2071 reputarent
444 2025 542 2058 brevi
574 2026 649 2058 fore
675 2030 715 2058 ut
740 2023 834 2056 idem
861 2022 1010 2055 exitium
1038 2033 1160 2065 parum
1189 2022 1347 2056 feliciter
1372 2027 1583 2069 experiren-

116 2078 186 2106 tur.
235 2073 366 2106 Veneti
395 2073 547 2117 graviter
569 2072 732 2104 ferebant
755 2070 956 2115 praefectos
975 2069 1090 2112 regios
1115 2074 1238 2102 contra
1264 2071 1360 2114 ipsos
1386 2071 1581 2116 insurgere,

115 2125 155 2153 et
182 2119 338 2153 subditis
364 2131 488 2153 eorum
513 2119 681 2152 molestos
710 2123 746 2151 et
774 2116 1021 2150 intolerandos
1051 2127 1138 2149 esse.
1190 2117 1336 2149 interim
1352 2123 1471 2151 tamen
1500 2121 1581 2153 foe-

114 2165 242 2200 derum
266 2168 491 2200 sanctitatem
527 2166 623 2199 bona
663 2165 732 2198 fide
758 2165 970 2203 coluerunt,
1000 2163 1163 2207 suspensi
1196 2166 1450 2208 expectatione
1471 2177 1581 2200 even-

114 2219 172 2247 tus
196 2225 325 2247 rerum.
373 2215 479 2247 Iosue
506 2213 656 2246 Albanis
685 2213 804 2252 filius,
829 2211 920 2255 regis
949 2210 1176 2255 praefectus,
1203 2211 1312 2254 Argos
1341 2213 1378 2244 in
1396 2213 1578 2258 Pelopon-

114 2271 202 2294 neso
234 2272 300 2306 per
322 2261 568 2306 proditionem
604 2259 815 2299 sacerdotis,
850 2259 912 2304 qui
946 2268 986 2290 ea
1026 2257 1063 2290 in
1091 2257 1179 2289 urbe
1208 2259 1432 2298 morabatur,
1453 2266 1578 2294 nactus

114 2314 180 2348 est,
206 2313 243 2341 et
266 2320 310 2341 ex
337 2313 464 2354 aperto
492 2308 564 2340 iam
587 2307 727 2340 belium
755 2305 911 2350 gerebat.
969 2303 1117 2338 ornares
1144 2304 1367 2339 Turachanis
1401 2307 1494 2339 [ilius
1521 2308 1578 2341 in-

113 2356 313 2388 cursionem
340 2356 379 2388 in
404 2355 627 2399 Naupactum
654 2354 750 2387 fecit.
799 2363 866 2386 nec
889 2351 934 2384 ab
951 2352 1094 2395 regione
1120 2351 1158 2383 in
1185 2351 1435 2396 Peloponneso
1458 2354 1578 2388 Vene-

113 2408 230 2435 torum
257 2403 349 2434 circa
374 2401 597 2443 Methonam,
626 2401 712 2445 regii
740 2401 795 2433 ius
819 2399 910 2432 belii
939 2398 1204 2431 abstinuerunt.
1255 2398 1310 2432 his
1337 2402 1475 2433 accensi
1502 2403 1575 2435 Ve-

111 2450 202 2489 neti,
231 2448 508 2494 haudamplius
543 2447 781 2481 cunctandum
814 2452 850 2479 et
886 2445 1074 2479 ferendum
1105 2446 1197 2485 rati,
1224 2445 1269 2478 ad
1296 2448 1574 2482 consultandum

111 2495 202 2542 quid
226 2502 372 2540 agerent
398 2496 622 2540 potissimum
642 2494 920 2533 conveniebant,
945 2492 1137 2525 sententiis
1157 2493 1193 2524 in
1221 2498 1408 2538 utramque
1435 2501 1574 2538 partem

110 2543 225 2588 probe
251 2544 497 2588 pensiculans,
523 2554 601 2576 cum
627 2542 697 2574 iam
724 2543 868 2586 saepius
886 2540 1152 2572 consultassent
1177 2545 1360 2573 senatores
1386 2542 1448 2585 qui
1479 2542 1573 2575 Evo-

111 2590 184 2623 cati
209 2589 389 2624 dicuntur.
436 2590 564 2623 Victor
593 2589 638 2622 de
662 2589 799 2622 familia
826 2587 1065 2632 Capellarum,
1089 2586 1144 2618 vir
1168 2585 1302 2619 divitiis
1332 2593 1368 2619 et
1394 2587 1571 2631 dignitate

110 2637 356 2682 praecellens,
392 2637 528 2682 quique
566 2636 690 2668 urbem
722 2646 842 2679 regere
887 2634 1043 2678 optimus
1081 2633 1322 2671 censebatur,
1346 2633 1509 2668 adductis
1533 2637 1571 2669 iu

111 2695 210 2717 suam
232 2683 452 2717 *sententiam
480 2683 694 2728 propinquis
727 2688 763 2716 et
789 2682 963 2725 cognatiS‚
990 2679 1235 2712 conscendens
1262 2680 1435 2721 tribuual,
1462 2683 1571 2716 talem

112 2731 317 2764 orationem
343 2730 514 2762 habuisse
542 2730 664 2762 fertur.
714 2730 806 2763 “viri
832 2728 983 2766 Veneti,
1009 2727 1151 2770 saepius
1177 2727 1264 2759 alias
1290 2729 1438 2771 cognovi
1464 2731 1569 2763 certis

113 2778 395 2823 experimentis,
430 2777 535 2809 huius
572 2777 724 2810 civitatis
762 2776 898 2809 incolas
937 2784 1164 2819 nequaquam
1203 2772 1332 2807 cedere
1371 2776 1510 2817 animis,
1540 2778 1568 2809 si

198 2852 530 2897 Chalcocondylas.
1283 2848 1328 2882 35
