1884 3178
433 200 507 239 DE
539 198 710 239 REBUS
759 196 1017 239 TURCICIS'
1062 198 1109 238 13.
1139 199 1192 238 11.
1495 190 1557 236 93

89 297 293 353 βασιλευς
307 294 464 339 τούτων
481 295 575 339 τινὰ
598 296 674 351 τήν
692 295 933 351 ἡγεμονίαν,
950 291 1051 338 οὔτε
1072 297 1188 351 παρὰ
1211 297 1262 338 τὰ
1285 298 1407 352 σφῶν
1426 294 1557 348 ἔθιμα
1570 299 1601 333 D

89 362 282 416 α’ξιούσιν
297 352 527 405 ὖπακοῦεἰν
541 363 601 419 τῷ
614 366 795 416 βασιλεῖ’.
825 363 1012 416 ἐγένοντο
1029 365 1076 404 δὲ
1095 366 1149 419 τῇ
1166 363 1278 421 νήσῳ
1299 359 1429 420 ταύτῃ
1450 379 1564 415 συμ-

92 431 225 488 φοραὶ
255 430 333 471 οὐκ
359 428 511 483 ὀλίγαι,
540 427 842 486 παραπλεούσῃ
882 429 1008 485 αὐτῇ,
1040 430 1084 477 ἐς
1115 429 1330 485 διαφοράν
1356 429 1563 484 ἀφικνου-

88 496 228 551 μένων
255 497 338 538 τῶν
367 495 583 551 ἡγεμόνων
612 493 716 548 πρός
737 511 783 536 τε
811 494 880 536 τὸν
897 496 1079 548 βασιλέα
1109 497 1182 537 καί
1209 494 1315 550 πρὸς
1343 494 1562 550 ἀλλήλους.

57 560 200 606 sana
228 578 275 605 τε
316 564 389 604 καί
426 560 477 616 δὴ
511 562 634 617 φέρει
666 560 690 615 ἦ
722 563 846 615 νῆσος
878 557 1002 615 αὕτη,
1033 557 1142 602 οἶνον
1173 562 1220 602 δὲ
1248 561 1432 618 οὐδαμῇ,
1461 560 1564 603 οὐδὲ

77 628 266 684 ὃποόρας
306 627 416 669 πάνυ
450 643 523 680 τι,
555 631 670 668 σῖτον
715 627 762 667 δὲ
795 626 868 667 καί
905 627 1061 680 κριθάς
1098 628 1170 668 καί
1199 628 1309 680 μέλι.
1367 628 1442 668 καί
1467 625 1564 681 ἔρια

92 693 206 737 ἔστιν
238 695 384 743 αὐτοῖς
413 688 482 734 οἷα
510 692 712 734 κάλλιστα
741 694 824 734 τῶν
854 693 898 734 ἐν
939 697 1032 740 ταῖς
1064 689 1214 742 ἄλλαις
1242 691 1420 747 χώραις,
1453 691 1564 734 ὥστε

92 761 166 803 καί
203 759 468 817 ὖφαίνεσθαι
507 759 652 808 αὐτοῖς
693 758 893 812 πάμπολύ
915 775 954 800 τι
995 761 1157 813 πλῆθος
1195 757 1386 812 ἱματίων.
1446 762 1565 812 νομί-

94 829 215 879 ζουσι
247 828 295 869 δὲ
324 826 492 882 γλώσσῃ
520 827 608 883 ἰδίᾳ
635 824 826 880 πάμπαν,
857 827 930 866 καί
960 825 1103 866 οὐδενί
1124 826 1388 881 συμφέρεται
1415 827 1459 872 ἐς
1488 823 1564 878 τήν

37 891 262 950 Ῑοφωνήν,
307 888 404 935 οὔτε
433 893 670 946 Γερμανοῖς
701 887 797 950 οὔτε
829 894 1006 940 Κελτοῖς
1038 891 1139 932 ου’δὲ
1168 887 1280 949 ἄλλῳ
1308 892 1453 933 ου’δενί
1477 893 1563 932 τῶν

92 960 327 1015 περιοίκων.
399 960 531 1015 σκευῇ
573 959 620 1000 δὲ
659 959 710 1014 τῇ
739 958 847 1014 αὐτῇ
874 955 1091 1013 χρώμενοι
1133 962 1219 1006 τοῖς
1255 959 1460 1010 Κελτοῖς,
1491 958 1566 999 καί

91 1022 222 1080 ἤθεσί
245 1041 289 1068 τε
328 1030 414 1074 τοῖς
435 1026 582 1074 αὐτοῖς
610 1024 683 1066 καί
721 1025 876 1081 διαίτῃ.
933 1025 1149 1075 νομίζεται
1179 1025 1227 1065 δὲ
1253 1023 1418 1072 τούτοις
1446 1022 1498 1065 τά
1527 1025 1561 1065 τ’
1577 1035 1611 1068 Ρ.
1631 1035 1678 1069 49

90 1090 208 1148 α’μφί
242 1091 316 1140 τὰς
358 1091 562 1146 γυναῖκάς
588 1107 628 1133 τε
667 1092 741 1132 καί
782 1090 883 1140 τοὺς
912 1091 1070 1139 παῖδας
1098 1087 1415 1144 ἁπλοϊκώτερα,
1449 1087 1559 1132 ὥστε

92 1157 174 1200 dvo}
213 1160 355 1200 πᾶσαν
385 1156 461 1213 τὴν
500 1159 648 1212 νῆσον,
686 1154 858 1199 ἐπειδάν
889 1172 954 1206 τις
1002 1157 1045 1206 ἐς
1082 1155 1159 1211 τὴν
1196 1157 1276 1198 τοῦ
1321 1157 1562 1212 ἐπιτηδείου

38 1237 81 1272 15
96 1225 212 1282 minii
242 1226 377 1267 οἰκίαν
406 1225 497 1280 ε’σίῃ
527 1224 798 1276 καλούμενος,
829 1220 1014 1265 κύσαντα
1039 1220 1115 1276 τὴν
1144 1227 1326 1277 γυναῖκα
1356 1221 1469 1265 οὕτω
1498 1225 1562 1273 ξε-

94 1292 288 1342 νίζεσθαι
316 1287 458 1332 αὕτὸν.
516 1292 588 1332 καί
616 1291 660 1331 ἐν
687 1294 779 1338 ταῖς
809 1287 925 1337 ὁδοῖς
964 1290 1011 1331 δὲ
1044 1288 1272 1346 ἁπανταχῇ
1298 1291 1562 1343 παρέχονται

93 1357 171 1407 τας
204 1354 370 1398 ἑαυτῶν
408 1360 611 1410 γυναῖκας
649 1361 736 1405 τοῖς
767 1354 1036 1411 ἐπιτηδείοις.
1104 1357 1326 1408 νομίζεται·
1355 1356 1404 1396 δὲ
1431 1357 1560 1397 τοῦτο

91 1421 166 1464 καὶ
189 1425 233 1471 ἐς
259 1421 333 1477 τήν
359 1420 623 1476 Φραντοίλων
653 1421 813 1477 χώραν,
837 1421 911 1476 τὴν
934 1419 1068 1478 ταύτῃ
1096 1421 1300 1477 πάραλον,
1331 1416 1435 1475 ἄχρι
1451 1422 1560 1474 Γερ-

91 1491 259 1540 μανίας.
316 1487 387 1530 καί
419 1490 520 1530 ου’δὲ
550 1489 760 1543 αἰσχύνην
791 1489 914 1530 τοῦτο
936 1490 1059 1544 φέρει
1088 1484 1256 1537 ἑαυτοῖς
1272 1486 1453 1529 κύεσθαι
1485 1486 1561 1536 τάς

34 1567 138 1604 2018
166 1560 368 1609 γυναῖκας
396 1554 540 1596 αὐταῖν
581 1555 655 1596 καί
682 1554 757 1603 τὰς
787 1555 1043 1609 θυγατέρας.
1071 1555 1280 1609 Λονδραῖν
1308 1555 1356 1595 δὲ
1385 1551 1408 1607 ἢ
1437 1551 1559 1601 πόλις

91 1621 272 1675 δυνάμει
301 1637 346 1663 τε
379 1624 622 1676 προέχουσα
651 1622 733 1663 τῶν
763 1622 807 1662 ἐν
835 1622 883 1677 τῇ
911 1620 1024 1678 νήσῳ
1050 1620 1178 1677 ταύτῃ
1208 1621 1356 1663 πασῶν
1383 1618 1558 1671 πόλεων,

185 1753 218 1787 3-
245 1750 351 1800 παρὰ
375 1755 524 1794 πλείους
548 1755 695 1794 atrias?
830 1754 864 1789 9.
892 1755 1178 1802 συμφέρονταιὶ)
1326 1754 1381 1788 15.
1409 1753 1508 1797 ἐσὴει
1536 1754 1560 1788 Ρ

187 1801 241 1835 17.
267 1800 358 1850 τοῖς]
387 1803 428 1838 ἐν
451 1808 527 1842 τοῖς
554 1803 579 1835 P
699 1802 755 1837 20.
783 1801 934 1850 ἀνδρῶν
959 1804 1006 1837 Ρ;
1035 1813 1113 1836 corr
1138 1801 1171 1835 H

97 1919 349 1967 obtemperant
389 1922 463 1966 regi
493 1933 566 1955 non
603 1934 704 1955 secus
733 1934 774 1956 ac
810 1923 847 1956 in
874 1923 980 1956 Galia
1020 1923 1097 1956 sieri
1141 1932 1248 1967 supra
1272 1922 1555 1954 memoravimus.

95 1978 162 2000 nec
189 1969 379 2047 quisquam
409 1980 471 2002 rex
495 1969 603 2002 facile
640 1969 694 2003 his
722 1971 962 2015 principatum
987 1970 1185 2015 eripuerit3
1221 1980 1287 2002 nec
1313 1974 1452 2013 praeter
1476 1980 1556 2001 suas

95 2016 378 2049 consuetucines
406 2021 612 2062 statutaque
649 2018 720 2061 regi
747 2017 895 2062 obsequi
924 2023 1104 2051 tenentur.
1166 2027 1206 2049 ea
1235 2016 1355 2049 insula
1382 2015 1555 2060 plurimas

93 2062 315 2096 calamitates
354 2069 502 2108 experta
529 2070 604 2104 est,
640 2075 763 2108 gerens
799 2065 1010 2098 inimicitias
1045 2075 1125 2097 cum
1163 2065 1286 2097 multis
1315 2063 1554 2108 principibus,

93 2119 173 2142 cum
201 2120 285 2154 rege
309 2121 454 2156 quoque
493 2111 698 2144 inimicitias
723 2112 922 2156 suscipiens
949 2118 985 2145 et
1020 2111 1203 2145 intestinis
1231 2110 1474 2144 seditionibus
1497 2111 1555 2143 in-

93 2155 234 2190 terdum
263 2156 442 2190 laborans.
497 2158 636 2204 profert
676 2159 772 2203 regio
810 2159 878 2192 ista
906 2160 1028 2192 vinum
1055 2158 1210 2201 nullibi;
1234 2169 1302 2191 nec
1331 2159 1554 2203 reliquorum

93 2203 272 2237 fructuum
300 2204 492 2238 admodum
531 2206 662 2239 fertilis
688 2211 753 2239 est.
803 2206 973 2240 frumenti
1010 2212 1128 2239 autem
1158 2211 1195 2239 et
1223 2204 1351 2238 hordei
1375 2211 1412 2238 et
1435 2205 1555 2238 mellis

92 2250 271 2296 lanaeque
296 2252 451 2296 plurima
478 2258 533 2286 est
577 2253 780 2295 affluentia,
807 2253 898 2286 adeo
938 2259 978 2287 ut
1005 2253 1061 2286 his
1087 2254 1196 2297 longe
1220 2253 1371 2297 reliquis
1397 2252 1557 2296 regioni-

91 2297 160 2331 bus
186 2298 333 2331 uberior
355 2299 421 2342 sit3
459 2299 631 2344 plurimas
661 2301 783 2346 itaque
826 2306 943 2334 vestes
981 2306 1192 2334 contexunt.
1251 2300 1374 2343 lingua
1404 2305 1556 2332 utuntur

93 2345 352 2390 propemodum
380 2347 567 2392 peculiari,
598 2359 669 2394 qua
697 2359 764 2381 nee
792 2348 987 2382 Germanos
1012 2359 1079 2381 nec
1106 2348 1232 2382 Gallos
1259 2358 1328 2380 nec
1354 2347 1446 2379 alios
1472 2347 1556 2379 fini-

93 2392 198 2425 timos
225 2394 382 2438 populos
417 2394 590 2428 referunt.
651 2395 864 2440 quotidiano
904 2395 999 2429 vitae
1035 2407 1124 2436 usu,
1160 2394 1320 2428 moribus
1347 2404 1494 2439 quoque
1519 2398 1556 2427 et

91 2440 190 2472 victu
226 2439 320 2472 nihil
354 2452 374 2473 a
408 2441 522 2474 Gallis
556 2441 785 2488 discrepant:
819 2454 927 2487 parva
974 2443 1062 2488 ipsis
1098 2453 1250 2475 uxorum
1284 2441 1556 2486 liberorumque

94 2497 178 2519 cura
203 2491 270 2519 est.
329 2488 455 2533 itaque
487 2500 552 2533 per
581 2490 786 2523 universam
822 2490 976 2523 insulam
1002 2490 1060 2523 hic
1093 2501 1170 2523 mos
1199 2494 1379 2529 servatur,
1406 2488 1554 2534 quando

93 2533 175 2579 quis
206 2534 311 2566 amici
347 2534 489 2568 domum
525 2542 669 2570 vocatus
703 2536 925 2581 ingreditur,
955 2542 995 2570 ut
1029 2538 1182 2583 primum
1210 2547 1289 2568 cum
1315 2536 1418 2568 amici
1443 2546 1554 2570 uxore

93 2580 330 2621 concumbat,
359 2587 399 2615 ut
423 2581 555 2616 deinde
591 2583 747 2628 benigne
772 2584 932 2629 hospitio
966 2584 1178 2628 excipiatur.
1230 2583 1270 2616 in
1295 2583 1555 2628 peregrinatio-

93 2627 200 2660 nibus
239 2639 386 2674 quoque
422 2630 556 2664 mutuis
589 2637 740 2665 utuntur
775 2632 946 2664 uxoribus
982 2632 1099 2664 amici,
1162 2630 1288 2663 eadem
1329 2630 1553 2663 consuetudo

94 2673 304 2708 observatur
346 2676 383 2708 in
411 2676 681 2711 Phraatalorum
721 2680 867 2723 regione
893 2679 945 2711 ibi
972 2678 1170 2718 maritima,
1195 2687 1311 2722 usque
1331 2677 1376 2710 ad
1403 2678 1552 2710 Germa-

94 2722 202 2754 niam.
265 2733 330 2756 nec
356 2723 567 2767 probrosum
605 2725 744 2759 ducunt
780 2737 908 2759 uxores
935 2731 972 2759 et
1000 2726 1090 2758 filias
1130 2725 1167 2757 in
1193 2725 1288 2758 bunc
1316 2724 1460 2757 modum
1486 2726 1553 2757 im-

94 2770 272 2814 pregnari.
322 2771 534 2816 metropolis
569 2773 644 2806 eius
681 2773 819 2806 insulae
846 2773 926 2807 viris
953 2773 1083 2819 opibus
1118 2773 1283 2817 potentia
1309 2772 1464 2818 reliquas
1491 2784 1551 2805 ur-
