1858 3210
473 206 546 246 DE
590 205 761 245 REBUS
798 203 1056 245 TURClClS
1096 203 1145 244 L.
1175 203 1246 242 lX.
1507 199 1604 244 509

129 308 316 355 Παίονες
348 304 565 348 ἐπείθοντό
598 320 643 345 τε
681 308 768 352 τοῖς
807 301 968 356 λόγοις,
997 303 1071 344 καί
1107 300 1303 362 ὥρμηντο
1331 305 1507 358 βοηθεῖν
1537 302 1611 344 καὶ

129 373 174 422 ἐς
201 370 257 415 τοὶ-
283 372 468 426 ,ιιάλιστα
499 368 743 422 ἐπαμύνειν.
801 372 1022 422 συνέλεγον
1051 371 1096 410 δὲ
1126 368 1382 421 στράτευμα.

217 452 220 456 ·
247 439 339 480 Καὶ
367 435 406 478 οἱ
434 438 514 489 μὲν
557 437 601 477 ὲν
642 434 805 484 τούτοις
835 430 960 491 ἦσαν,
989 432 1190 487 βασιλεύς
1221 435 1266 476 δὲ
1301 435 1650 487 προσελαύνωνῑ)

131 503 212 547 σῦν
238 507 298 562 τῷ
323 503 494 560 στρατῷ
533 500 769 555 ἐνεπίμπρα
802 502 882 552 μὲν
927 499 1004 548 τοὶς
1032 498 1176 552 κώμας
1211 501 1284 541 καί
1311 500 1362 541 τοὶ
1397 499 1606 556 ὑποζύγια

97 568 383 626 ὅδιὴρπαζεν,
425 563 487 617 οἷς
526 564 579 609 ἄν
616 568 853 621 περιτύχοι.
927 569 1000 608 καί
1040 566 1288 620 ἀνδράποδα
1326 565 1437 608 πάνυ
1485 569 1605 622 ὀλίγα

130 633 277 692 ἤγοντο
321 637 379 686 ἐςΔ
406 635 452 677 τὸ
492 633 776 687 στρατόπεδον
817 631 855 675 οἱ
887 631 1160 686 ἱπποδρόμοι,
1192 632 1316 674 αὐτοὶ
1346 635 1390 676 δὲ
1420 632 1603 686 μάλιστα

130 699 443 759 διἐφθείροντο,
474 700 518 744 εἴ
539 699 620 742 πού
651 715 712 749 τις
739 699 883 741 αὐτῶν
911 701 1221 754 ’ἀποσπασθειῆ
1250 699 1332 740 α’πὸ
1364 702 1439 742 τοῦ
1472 718 1604 755 στρα-

131 770 326 812 τοπέδου.
400 765 571 816 Βλάδος
601 768 647 808 δὲ
682 767 844 820 λέγεται
889 765 962 807 καί
994 764 1124 814 αὐτὸς
1151 763 1192 813 ἐς
1218 766 1264 807 τὸ
1295 768 1371 807 τοῦ
1398 769 1606 819 βασιλέως

130 835 417 891 στρατόπεδον
435 833 697 882 κατάσκοπος
725 831 914 875 ἐσελθεῖν
935 833 1009 874 καί
1029 836 1204 886 περιιῶν
1233 835 1514 888 ἐπισκοπῆσαι
1546 833 1605 882 ὥς

21 955 23 957 .
74 902 219 956 Ῑθὲχει
249 900 293 943 τὸ
325 900 614 955 στρατόπεδον.
674 900 725 940 ου’
754 903 960 952 πείθομαι
1005 901 1051 941 δὲ
1077 900 1247 940 Βλὰδον
1286 899 1412 941 αυτὸν
1454 901 1603 955 gasir-

23 963 25 967 Α
128 985 202 1011 σαι
235 970 278 1017 ἐς
315 967 516 1010 τοσοῦτον
555 968 746 1007 κίνδυνον
793 962 1041 1022 ἀφικέσθαι,
1072 982 1130 1014 ως
1161 964 1296 1019 παρὸν
1330 967 1443 1024 αὐτῶ
1472 984 1599 1008 κατα-

126 1034 301 1084 σκόποις
340 1038 508 1082 πολλοῖς
549 1034 743 1087 χρῆσθαι
789 1061 1079 1075 .......
1125 1030 1167 1082 ἐς
1198 1031 1272 1086 τὴν
1302 1035 1497 1088 ἐξήγησιν
1528 1036 1599 1090 τῆς

126 1099 284 1156 τόλμης
315 1101 467 1144 αὐτοῦ.
534 1097 664 1148 αυτὸς
691 1100 768 1151 μὲν
810 1095 887 1141 ουν
913 1115 982 1141 και
1012 1099 1172 1154 ἡμέρας
1200 1100 1392 1141 ἐπελθών
1427 1101 1646 1155 ἐγγυτά-Ρ
1665 1116 1734 1149 271

127 1184 188 1209 τω
217 1170 295 1209 τοῦ
338 1168 627 1221 στρατοπέδου
658 1165 882 1207 ἐπεσκόπει
913 1182 955 1208 τε
1002 1165 1078 1215 τὰς
1107 1170 1316 1219 βασιλέως
1343 1167 1499 1222 σκηνάς
1528 1167 1601 1210 καὶ

13 1270 22 1275 ,
73 1232 203 1289 Ιότῆν
242 1230 578 1287 ΙῩΙαχουμούτεω
618 1231 690 1273 καί
725 1230 803 1287 τήν
833 1230 1002 1286 α’γοράν.
1077 1230 1185 1286 ἔχων
1215 1235 1261 1274 δὲ
1303 1236 1374 1275 καί
1402 1233 1734 1286 ἑλάττουςν,211

126 1303 210 1342 τῶν
236 1301 404 1355 μυρίων
434 1297 596 1340 ἱππέων
628 1297 748 1353 (ἔνιοι
780 1300 827 1339 δέ
846 1315 978 1354 φασιν
993 1298 1052 1347 ὥς
1085 1300 1135 1340 ου’
1166 1301 1334 1348 πλείους
1354 1303 1436 1341 τῶν
1464 1297 1598 1342 ἑπτα-

126 1368 346 1421 κισχιλίων
378 1366 577 1420 παρῆσαν
620 1365 732 1422 αὐτῷ
763 1365 942 1420 ἱππέων)
986 1365 1066 1407 σὺν
1109 1366 1274 1415 τούτοις
1306 1367 1405 1421 περὶ
1430 1368 1599 1424 πρώτην

127 1432 322 1490 φυλακὴν
360 1434 434 1487 τῆς
480 1430 630 1480 νυκτὸς
678 1430 885 1480 ἐπελάσας
933 1434 1174 1485 &offlam-ev
1218 1434 1260 1483 ἐς
1301 1431 1345 1475 τὸ
1390 1437 1598 1486 βασιλέως

126 1497 428 1554 στρατόπεδον.
486 1500 558 1540 καί
601 1498 779 1551 delitam
807 1502 887 1551 μὲν
917 1502 1082 1552 πρῶτον
1110 1497 1266 1554 ἐγένετο
1298 1503 1342 1542 ἐν
1374 1504 1433 1558 τῷ
1462 1518 1594 1556 στρα-

69 1571 115 1606 20
127 1568 287 1623 τοπέὸῳ
315 1565 493 1619 μεγάλα,
524 1564 700 1619 στρατὸν
729 1568 861 1619 μέγαν
884 1564 1103 1620 α’λλότριον
1134 1567 1206 1608 καί
1232 1565 1422 1621 ἐπήλυδα
1452 1570 1596 1621 οἰομέ-

126 1650 210 1675 νων
255 1635 337 1675 τῶν
375 1634 450 1674 τοῦ
486 1635 695 1685 βασιλέως
732 1634 963 1675 ἐπιθέσθαι
1011 1634 1162 1688 σφίσι,
1206 1636 1280 1675 καί
1316 1632 1457 1684 αϋτός.
1525 1638 1597 1677 καί

127 1698 322 1754 ἐνόμιζον
350 1698 615 1741 ἀπόλλυσθαι
660 1696 798 1752 πάνυ,
845 1697 888 1748 ἐς
930 1699 1061 1754 φόβον
1090 1715 1131 1741 τε
1162 1698 1292 1742 πολὺν
1318 1703 1390 1743 καί
1417 1703 1595 1754 δείματα

129 1919 185 1966 pti
212 1923 316 1952 erant
342 1928 467 1951 omnes
495 1923 535 1952 ut
558 1918 662 1951 Dacis
688 1918 874 1963 suppetias
899 1919 1045 1959 ferrent,
1085 1923 1121 1951 et
1147 1918 1243 1952 hosti
1269 1930 1374 1965 quam
1401 1919 1595 1954 fortissime

130 1967 351 2000 resisterent.

227 2025 375 2058 Delectu
404 2024 512 2067 igitur
528 2022 653 2056 habito
674 2024 963 2068 conscripserunt
989 2024 1198 2057 exercitum.
1250 2024 1304 2057 his
1335 2025 1481 2070 quidem
1502 2027 1597 2060 Pan-

130 2083 242 2106 nones
271 2077 372 2104 erant
398 2071 575 2118 occupati.
628 2081 690 2103 rex
705 2076 833 2103 autem
859 2070 985 2104 hostili
1013 2071 1131 2104 animo
1172 2083 1251 2105 cum
1279 2074 1437 2106 exercitu
1465 2085 1596 2117 proce—

130 2119 231 2159 dens,
257 2121 472 2164 quacunque
498 2117 812 2164 proficiscebatur,
837 2118 934 2151 vicos
964 2118 1202 2158 incendebat,
1230 2131 1358 2164 pecora
1385 2119 1595 2165 diripiebat,

124 2177 368 2212 vquaecunque
391 2177 490 2198 casus
515 2165 717 2198 obtulisset.
781 2166 922 2210 equites
950 2166 1038 2208 regii
1075 2167 1252 2210 mancipia
1280 2178 1392 2211 pauca
1419 2168 1454 2200 in
1482 2174 1596 2201 castra

130 2213 326 2247 ducebant:
356 2224 478 2246 verum
505 2213 616 2256 magis
644 2213 712 2256 ipsi
734 2212 943 2253 interibant,
970 2214 998 2246 si
1025 2213 1169 2258 quando
1195 2213 1267 2246 ab
1258 2215 1397 2258 agmine
1417 2215 1594 2248 incautius

128 2262 241 2295 avulsi
267 2262 420 2294 fuerant.
481 2260 603 2293 ferunt
641 2259 790 2292 Bladum
827 2261 943 2305 ipsum
985 2261 1022 2293 in
1051 2261 1142 2304 regis
1177 2267 1289 2294 castra
1333 2263 1595 2317 speculatorem

128 2310 270 2342 venisse
297 2314 333 2341 et
361 2307 503 2351 singula
528 2312 755 2352 praesentem
783 2307 1040 2340 considerasse.
1106 2320 1180 2341 non
1208 2314 1328 2341 tamen
1353 2309 1439 2341 mihi
1468 2310 1595 2343 verisi-

129 2357 215 2389 mile
243 2355 384 2388 videtur
410 2354 558 2388 Bladum
583 2354 738 2388 voluisse
766 2360 865 2388 tanto
893 2367 930 2388 se
956 2355 1180 2388 committere
1207 2356 1382 2400 periculo,
1408 2369 1485 2390 cum
1513 2359 1595 2402 plu·

129 2404 228 2436 rimis
255 2402 427 2448 potuerit,
455 2400 518 2447 qui
543 2408 686 2447 praesto
713 2407 827 2442 erant,
855 2403 907 2435 uti
940 2402 1238 2447 speculatoribus.
1290 2403 1353 2436 sed
1380 2403 1530 2437 forsitan
1557 2404 1595 2438 id

129 2451 319 2483 confictum
346 2454 422 2488 est,
458 2455 496 2482 ut
534 2450 597 2483 viri
635 2449 785 2482 audacia
822 2450 995 2493 insignior
1032 2455 1288 2483 ostentaretur
1349 2457 1595 2485 verumtamen

128 2497 258 2532 Biadus
285 2495 443 2530 interdiu
468 2496 664 2529 accedebat
696 2508 802 2542 quam
837 2498 998 2542 proxime
1034 2496 1078 2529 ad
1115 2496 1263 2530 hostilia
1291 2503 1424 2538 castra,
1448 2505 1485 2531 et
1510 2504 1593 2533 ten-

128 2545 223 2578 toria
249 2544 402 2576 militum
429 2544 607 2590 regisque,
634 2554 775 2577 necnon
802 2543 919 2576 forum
948 2544 1271 2588 contemplabatur.
1326 2545 1454 2578 Bladus
1482 2545 1595 2580 habe-

128 2591 192 2624 bat
217 2592 358 2636 equites
392 2591 579 2636 pauciores
613 2602 720 2635 quam
758 2591 880 2625 decem
918 2592 1027 2624 milia.
1089 2597 1172 2624 sunt
1196 2597 1316 2624 tamen
1357 2594 1419 2638 qui
1450 2593 1594 2628 tradant

130 2651 210 2673 eum
236 2649 308 2671 uon
335 2638 456 2682 plures
484 2650 590 2684 quam
617 2644 754 2683 septem
796 2639 896 2671 milia
940 2639 1099 2683 equitum
1126 2638 1302 2672 ductasse.
1352 2640 1407 2673 liis
1438 2642 1592 2675 confisus

129 2686 195 2719 sub
219 2685 370 2730 primam
394 2686 508 2718 noctis
533 2685 691 2727 vigiliam
715 2685 862 2718 advenit
894 2691 931 2718 et
958 2686 996 2717 in
1023 2687 1117 2730 regia
1141 2691 1253 2719 castra
1281 2687 1455 2731 impetum
1479 2688 1591 2722 dedit.

129 2734 244 2779 primo
272 2738 385 2766 terror
413 2732 555 2775 iugens
567 2732 605 2764 in
644 2733 766 2765 castris
790 2733 939 2766 obortus
964 2738 1029 2766 est.
1091 2744 1173 2765 nam
1203 2735 1289 2777 regii
1318 2735 1452 2768 milites
1484 2742 1592 2780 puta-

127 2781 216 2814 bant
242 2779 437 2813 exercitum
462 2791 627 2824 maguum
652 2785 687 2812 et
705 2780 944 2825 alienigenam
965 2781 1264 2827 peregrinumque
1282 2782 1349 2815 sibi
1371 2783 1590 2816 incumbere.
