<?xml version="1.0" encoding="UTF-8"?>
<!DOCTYPE html PUBLIC "-//W3C//DTD XHTML 1.0 Transitional//EN"
    "http://www.w3.org/TR/xhtml1/DTD/xhtml1-transitional.dtd">
<html xmlns="http://www.w3.org/1999/xhtml" xml:lang="en" lang="en">
 <head>
  <title>
</title>
<meta http-equiv="Content-Type" content="text/html;charset=utf-8" />
  <meta name='ocr-system' content='tesseract 3.04.00' />
  <meta name='ocr-capabilities' content='ocr_page ocr_carea ocr_par ocr_line ocrx_word'/>
</head>
<body>
  <div class='ocr_page' id='page_1' title='image "./corpusscriptorum32niebuoft_0571.png"; bbox 0 0 1858 3210; ppageno 0'>
   <div class='ocr_carea' id='block_1_1' title="bbox 30 0 53 121">
    <p class='ocr_par' dir='ltr' id='par_1_1' title="bbox 30 0 53 121">
     <span class='ocr_line' id='line_1_1' title="bbox 30 0 53 121; textangle 90"><span class='ocrx_word' id='word_1_1' title='bbox 36 119 41 121; x_wconf 94' lang='lat'>.</span> <span class='ocrx_word' id='word_1_2' title='bbox 30 0 53 73; x_wconf 33' lang='grc' dir='ltr'>ὀἰκ</span> 
     </span>
    </p>
   </div>
   <div class='ocr_carea' id='block_1_2' title="bbox 507 165 1597 213">
    <p class='ocr_par' dir='ltr' id='par_1_2' title="bbox 507 165 1597 213">
     <span class='ocr_line' id='line_1_2' title="bbox 507 165 1597 213; baseline -0.002 0"><span class='ocrx_word' id='word_1_3' title='bbox 507 173 579 213; x_wconf 90' lang='lat' dir='ltr'>DE</span> <span class='ocrx_word' id='word_1_4' title='bbox 620 173 794 213; x_wconf 86' lang='lat' dir='ltr'>REBUS</span> <span class='ocrx_word' id='word_1_5' title='bbox 835 169 1086 212; x_wconf 78' lang='lat' dir='ltr'>TURCiClS</span> <span class='ocrx_word' id='word_1_6' title='bbox 1114 171 1161 210; x_wconf 88' lang='lat' dir='ltr'>L.</span> <span class='ocrx_word' id='word_1_7' title='bbox 1190 170 1243 208; x_wconf 85' lang='lat' dir='ltr'>X.</span> <span class='ocrx_word' id='word_1_8' title='bbox 1501 165 1597 211; x_wconf 83' lang='lat'>559</span> 
     </span>
    </p>
   </div>
   <div class='ocr_carea' id='block_1_3' title="bbox 32 267 1730 1649">
    <p class='ocr_par' dir='ltr' id='par_1_3' title="bbox 131 267 1602 331">
     <span class='ocr_line' id='line_1_3' title="bbox 131 267 1602 331; baseline -0.008 -13"><span class='ocrx_word' id='word_1_9' title='bbox 131 274 312 331; x_wconf 56' lang='grc' dir='ltr'><strong><em>ἐβςοντος,</em></strong></span> <span class='ocrx_word' id='word_1_10' title='bbox 341 271 479 316; x_wconf 85' lang='grc' dir='ltr'><strong><em>δεινόν</em></strong></span> <span class='ocrx_word' id='word_1_11' title='bbox 506 289 551 315; x_wconf 87' lang='grc' dir='ltr'>τε</span> <span class='ocrx_word' id='word_1_12' title='bbox 596 272 814 314; x_wconf 79' lang='grc' dir='ltr'><strong><em>ἐποιοῦντο</em></strong></span> <span class='ocrx_word' id='word_1_13' title='bbox 853 270 1106 324; x_wconf 80' lang='grc' dir='ltr'><strong><em>προσμένειν</em></strong></span> <span class='ocrx_word' id='word_1_14' title='bbox 1135 282 1179 309; x_wconf 88' lang='grc' dir='ltr'>τε</span> <span class='ocrx_word' id='word_1_15' title='bbox 1222 267 1337 324; x_wconf 68' lang='grc' dir='ltr'><strong><em>αύτῷ</em></strong></span> <span class='ocrx_word' id='word_1_16' title='bbox 1364 269 1423 323; x_wconf 75' lang='grc' dir='ltr'><strong><em>τῷ</em></strong></span> <span class='ocrx_word' id='word_1_17' title='bbox 1449 269 1602 324; x_wconf 74' lang='grc' dir='ltr'><strong><em>Ἰσθμῷ</em></strong></span> 
     </span>
    </p>

    <p class='ocr_par' dir='ltr' id='par_1_4' title="bbox 131 332 1599 394">
     <span class='ocr_line' id='line_1_4' title="bbox 131 332 1599 394; baseline -0.006 -11"><span class='ocrx_word' id='word_1_18' title='bbox 131 343 204 383; x_wconf 82' lang='grc' dir='ltr'>καί</span> <span class='ocrx_word' id='word_1_19' title='bbox 231 342 354 382; x_wconf 80' lang='grc' dir='ltr'><strong><em>ου’δέν</em></strong></span> <span class='ocrx_word' id='word_1_20' title='bbox 381 355 423 381; x_wconf 88' lang='grc' dir='ltr'>τι</span> <span class='ocrx_word' id='word_1_21' title='bbox 461 339 723 394; x_wconf 76' lang='grc' dir='ltr'><strong><em>πράττεσθαι</em></strong></span> <span class='ocrx_word' id='word_1_22' title='bbox 755 334 958 384; x_wconf 80' lang='grc' dir='ltr'><strong><em>ἅνύοντας</em></strong></span> <span class='ocrx_word' id='word_1_23' title='bbox 985 337 1028 383; x_wconf 80' lang='grc' dir='ltr'><strong><em>ἐς</em></strong></span> <span class='ocrx_word' id='word_1_24' title='bbox 1066 332 1143 388; x_wconf 75' lang='grc' dir='ltr'>τήν</span> <span class='ocrx_word' id='word_1_25' title='bbox 1167 335 1240 386; x_wconf 77' lang='grc' dir='ltr'><strong><em>τῆς</em></strong></span> <span class='ocrx_word' id='word_1_26' title='bbox 1270 332 1599 388; x_wconf 69' lang='grc' dir='ltr'><strong><em>Πελοποννήσου</em></strong></span> 
     </span>
    </p>

    <p class='ocr_par' dir='ltr' id='par_1_5' title="bbox 129 397 1705 527">
     <span class='ocr_line' id='line_1_5' title="bbox 130 397 1705 461; baseline -0.004 -12"><span class='ocrx_word' id='word_1_27' title='bbox 130 406 440 461; x_wconf 75' lang='grc' dir='ltr'><strong><em>καταστροφήν.</em></strong></span> <span class='ocrx_word' id='word_1_28' title='bbox 510 405 730 459; x_wconf 80' lang='grc' dir='ltr'><strong><em>ἠγγέλλετο</em></strong></span> <span class='ocrx_word' id='word_1_29' title='bbox 773 404 820 443; x_wconf 84' lang='grc' dir='ltr'>δὲ</span> <span class='ocrx_word' id='word_1_30' title='bbox 849 401 921 442; x_wconf 86' lang='grc' dir='ltr'><em>καί</em></span> <span class='ocrx_word' id='word_1_31' title='bbox 951 399 1276 454; x_wconf 81' lang='grc' dir='ltr'><strong><em>Μαχουμούτης</em></strong></span> <span class='ocrx_word' id='word_1_32' title='bbox 1318 397 1339 440; x_wconf 80' lang='grc' dir='ltr'>ὅ</span> <span class='ocrx_word' id='word_1_33' title='bbox 1366 402 1446 440; x_wconf 78' lang='grc' dir='ltr'><strong><em>τοῦ</em></strong></span> <span class='ocrx_word' id='word_1_34' title='bbox 1474 403 1641 453; x_wconf 81' lang='grc' dir='ltr'><strong><em>βασι-ι)</em></strong></span> <span class='ocrx_word' id='word_1_35' title='bbox 1700 400 1705 403; x_wconf 52' lang='grc'><em>”</em></span> 
     </span>
     <span class='ocr_line' id='line_1_6' title="bbox 129 464 1598 527; baseline -0.005 -12"><span class='ocrx_word' id='word_1_36' title='bbox 129 475 234 522; x_wconf 81' lang='grc' dir='ltr'><strong><em>λέως</em></strong></span> <span class='ocrx_word' id='word_1_37' title='bbox 256 469 426 527; x_wconf 80' lang='grc' dir='ltr'><strong><em>ἧγεμιόν</em></strong></span> <span class='ocrx_word' id='word_1_38' title='bbox 454 471 621 526; x_wconf 76' lang='grc' dir='ltr'><strong><em>στρατῷ</em></strong></span> <span class='ocrx_word' id='word_1_39' title='bbox 652 469 817 524; x_wconf 76' lang='grc' dir='ltr'><strong><em>μεγάλῳ</em></strong></span> <span class='ocrx_word' id='word_1_40' title='bbox 846 465 1009 509; x_wconf 77' lang='grc' dir='ltr'><strong><em>ἐπιέναι</em></strong></span> <span class='ocrx_word' id='word_1_41' title='bbox 1053 465 1200 521; x_wconf 75' lang='grc' dir='ltr'><strong><em>σφίσιν</em></strong></span> <span class='ocrx_word' id='word_1_42' title='bbox 1227 464 1270 513; x_wconf 75' lang='grc' dir='ltr'><strong><em>ἐς</em></strong></span> <span class='ocrx_word' id='word_1_43' title='bbox 1302 466 1376 507; x_wconf 86' lang='grc' dir='ltr'>τὸν</span> <span class='ocrx_word' id='word_1_44' title='bbox 1402 467 1598 520; x_wconf 77' lang='grc' dir='ltr'><strong><em>Ἰσθμόν.</em></strong></span> 
     </span>
    </p>

    <p class='ocr_par' dir='ltr' id='par_1_6' title="bbox 32 529 1599 593">
     <span class='ocr_line' id='line_1_7' title="bbox 32 529 1599 593; baseline -0.006 -10"><span class='ocrx_word' id='word_1_45' title='bbox 32 534 53 548; x_wconf 63' lang='grc'><strong><em>”</em></strong></span> <span class='ocrx_word' id='word_1_46' title='bbox 93 543 219 593; x_wconf 80' lang='grc' dir='ltr'><strong><em>5μετ’</em></strong></span> <span class='ocrx_word' id='word_1_47' title='bbox 248 539 302 580; x_wconf 81' lang='grc' dir='ltr'>ου’</span> <span class='ocrx_word' id='word_1_48' title='bbox 329 537 435 579; x_wconf 85' lang='grc' dir='ltr'><strong><em>πολὺ</em></strong></span> <span class='ocrx_word' id='word_1_49' title='bbox 466 538 513 578; x_wconf 84' lang='grc' dir='ltr'>δὲ</span> <span class='ocrx_word' id='word_1_50' title='bbox 550 534 624 576; x_wconf 74' lang='grc' dir='ltr'>καί</span> <span class='ocrx_word' id='word_1_51' title='bbox 663 532 790 582; x_wconf 67' lang='grc' dir='ltr'><strong><em>αὐτὸς</em></strong></span> <span class='ocrx_word' id='word_1_52' title='bbox 831 530 1036 586; x_wconf 74' lang='grc' dir='ltr'><strong><em>βασιλεῦς</em></strong></span> <span class='ocrx_word' id='word_1_53' title='bbox 1061 533 1277 585; x_wconf 78' lang='grc' dir='ltr'><strong><em>ἠγγέλλετο</em></strong></span> <span class='ocrx_word' id='word_1_54' title='bbox 1311 529 1499 574; x_wconf 75' lang='grc' dir='ltr'><strong><em>ἐλαύνων</em></strong></span> <span class='ocrx_word' id='word_1_55' title='bbox 1527 532 1599 574; x_wconf 72' lang='grc' dir='ltr'><strong><em>ἐπὶ</em></strong></span> 
     </span>
    </p>

    <p class='ocr_par' dir='ltr' id='par_1_7' title="bbox 95 592 1604 858">
     <span class='ocr_line' id='line_1_8' title="bbox 95 592 1604 655; baseline -0.004 -7"><span class='ocrx_word' id='word_1_56' title='bbox 95 592 99 598; x_wconf 33' lang='grc'><strong>’</strong></span> <span class='ocrx_word' id='word_1_57' title='bbox 126 603 203 647; x_wconf 73' lang='grc' dir='ltr'>τὸν</span> <span class='ocrx_word' id='word_1_58' title='bbox 242 601 452 655; x_wconf 76' lang='grc' dir='ltr'><strong><em>Ἰσθμόν,</em></strong></span> <span class='ocrx_word' id='word_1_59' title='bbox 493 601 682 655; x_wconf 73' lang='grc' dir='ltr'><strong><em>ἔγνωσαν</em></strong></span> <span class='ocrx_word' id='word_1_60' title='bbox 709 615 754 642; x_wconf 83' lang='grc' dir='ltr'>τε</span> <span class='ocrx_word' id='word_1_61' title='bbox 795 595 1019 640; x_wconf 79' lang='grc' dir='ltr'><strong><em>ἆπολιπεῖν</em></strong></span> <span class='ocrx_word' id='word_1_62' title='bbox 1058 596 1131 639; x_wconf 83' lang='grc' dir='ltr'>τὸν</span> <span class='ocrx_word' id='word_1_63' title='bbox 1168 597 1375 654; x_wconf 79' lang='grc' dir='ltr'><strong><em>Ἰσθμόν,</em></strong></span> <span class='ocrx_word' id='word_1_64' title='bbox 1403 600 1526 642; x_wconf 81' lang='grc' dir='ltr'><strong><em>οὐδέν</em></strong></span> <span class='ocrx_word' id='word_1_65' title='bbox 1555 599 1604 642; x_wconf 75' lang='grc' dir='ltr'><strong><em>τί</em></strong></span> 
     </span>
     <span class='ocr_line' id='line_1_9' title="bbox 126 661 1596 727; baseline -0.005 -14"><span class='ocrx_word' id='word_1_66' title='bbox 126 686 278 727; x_wconf 84' lang='grc' dir='ltr'><strong><em>σφισιν</em></strong></span> <span class='ocrx_word' id='word_1_67' title='bbox 307 669 453 717; x_wconf 74' lang='grc' dir='ltr'><strong><em>αὐτοῖς</em></strong></span> <span class='ocrx_word' id='word_1_68' title='bbox 486 665 728 723; x_wconf 78' lang='grc' dir='ltr'><strong><em>πρόσφορον</em></strong></span> <span class='ocrx_word' id='word_1_69' title='bbox 769 663 813 714; x_wconf 76' lang='grc' dir='ltr'><strong><em>ἐς</em></strong></span> <span class='ocrx_word' id='word_1_70' title='bbox 841 663 891 706; x_wconf 73' lang='grc' dir='ltr'><strong><em>τὰ</em></strong></span> <span class='ocrx_word' id='word_1_71' title='bbox 922 661 1114 718; x_wconf 87' lang='grc' dir='ltr'><strong><em>παρόντα</em></strong></span> <span class='ocrx_word' id='word_1_72' title='bbox 1132 695 1143 715; x_wconf 91' lang='grc'>,</span> <span class='ocrx_word' id='word_1_73' title='bbox 1176 665 1250 705; x_wconf 83' lang='grc' dir='ltr'>καί</span> <span class='ocrx_word' id='word_1_74' title='bbox 1280 664 1418 713; x_wconf 84' lang='grc' dir='ltr'><strong><em>ἰόντας</em></strong></span> <span class='ocrx_word' id='word_1_75' title='bbox 1446 667 1490 713; x_wconf 81' lang='grc' dir='ltr'><strong><em>ἐς</em></strong></span> <span class='ocrx_word' id='word_1_76' title='bbox 1520 663 1596 715; x_wconf 72' lang='grc' dir='ltr'><strong><em>τὰς</em></strong></span> 
     </span>
     <span class='ocr_line' id='line_1_10' title="bbox 126 727 1596 790; baseline -0.003 -12"><span class='ocrx_word' id='word_1_77' title='bbox 126 737 269 785; x_wconf 87' lang='grc' dir='ltr'><strong><em>πόλεις</em></strong></span> <span class='ocrx_word' id='word_1_78' title='bbox 299 732 520 790; x_wconf 73' lang='grc' dir='ltr'><strong><em>κρατύνειν</em></strong></span> <span class='ocrx_word' id='word_1_79' title='bbox 547 749 591 774; x_wconf 80' lang='grc' dir='ltr'>τε</span> <span class='ocrx_word' id='word_1_80' title='bbox 620 730 758 781; x_wconf 73' lang='grc' dir='ltr'><strong><em>αὐτάς</em></strong></span> <span class='ocrx_word' id='word_1_81' title='bbox 787 732 861 772; x_wconf 81' lang='grc' dir='ltr'><em>καί</em></span> <span class='ocrx_word' id='word_1_82' title='bbox 888 727 1140 782; x_wconf 70' lang='grc' dir='ltr'><strong><em>ἀμύνασθαι</em></strong></span> <span class='ocrx_word' id='word_1_83' title='bbox 1173 729 1277 771; x_wconf 77' lang='grc' dir='ltr'><strong><em>κατὰ</em></strong></span> <span class='ocrx_word' id='word_1_84' title='bbox 1303 729 1350 771; x_wconf 88' lang='grc' dir='ltr'>τὸ</span> <span class='ocrx_word' id='word_1_85' title='bbox 1382 729 1596 785; x_wconf 85' lang='grc' dir='ltr'><strong><em>καρτερόν,</em></strong></span> 
     </span>
     <span class='ocr_line' id='line_1_11' title="bbox 123 792 1592 858; baseline -0.004 -14"><span class='ocrx_word' id='word_1_86' title='bbox 123 799 175 858; x_wconf 71' lang='grc' dir='ltr'>ἢν</span> <span class='ocrx_word' id='word_1_87' title='bbox 203 803 378 844; x_wconf 81' lang='grc' dir='ltr'><strong><em>ἐπίωσιν</em></strong></span> <span class='ocrx_word' id='word_1_88' title='bbox 406 798 446 842; x_wconf 84' lang='grc' dir='ltr'>οἱ</span> <span class='ocrx_word' id='word_1_89' title='bbox 474 798 572 853; x_wconf 71' lang='grc' dir='ltr'><strong><em>περὶ</em></strong></span> <span class='ocrx_word' id='word_1_90' title='bbox 586 795 883 851; x_wconf 79' lang='grc' dir='ltr'><strong><em>Μαχουμούτη</em></strong></span> <span class='ocrx_word' id='word_1_91' title='bbox 911 811 957 836; x_wconf 87' lang='grc' dir='ltr'>τε</span> <span class='ocrx_word' id='word_1_92' title='bbox 985 792 1075 847; x_wconf 77' lang='grc' dir='ltr'>ἅμα</span> <span class='ocrx_word' id='word_1_93' title='bbox 1105 797 1177 837; x_wconf 83' lang='grc' dir='ltr'>καί</span> <span class='ocrx_word' id='word_1_94' title='bbox 1201 793 1239 837; x_wconf 84' lang='grc' dir='ltr'>οἱ</span> <span class='ocrx_word' id='word_1_95' title='bbox 1271 795 1372 850; x_wconf 78' lang='grc' dir='ltr'><strong><em>περὶ</em></strong></span> <span class='ocrx_word' id='word_1_96' title='bbox 1397 799 1592 849; x_wconf 79' lang='grc' dir='ltr'><strong><em>βασιλέα.</em></strong></span> 
     </span>
    </p>

    <p class='ocr_par' dir='ltr' id='par_1_8' title="bbox 67 859 1730 1183">
     <span class='ocr_line' id='line_1_12' title="bbox 67 859 1730 920; baseline -0.006 -8"><span class='ocrx_word' id='word_1_97' title='bbox 67 877 113 914; x_wconf 84' lang='lat'>10</span> <span class='ocrx_word' id='word_1_98' title='bbox 229 864 303 916; x_wconf 60' lang='lat' dir='ltr'>‘fig</span> <span class='ocrx_word' id='word_1_99' title='bbox 328 865 407 920; x_wconf 78' lang='grc' dir='ltr'>γὰρ</span> <span class='ocrx_word' id='word_1_100' title='bbox 438 865 611 919; x_wconf 80' lang='grc' dir='ltr'><strong><em>α’γγελία</em></strong></span> <span class='ocrx_word' id='word_1_101' title='bbox 653 859 829 918; x_wconf 71' lang='grc' dir='ltr'><strong><em>ἄφίκετο</em></strong></span> <span class='ocrx_word' id='word_1_102' title='bbox 856 865 1031 914; x_wconf 81' lang='grc' dir='ltr'><strong><em>βασιλεῖ</em></strong></span> <span class='ocrx_word' id='word_1_103' title='bbox 1063 861 1163 909; x_wconf 80' lang='grc' dir='ltr'><strong><em>τούς</em></strong></span> <span class='ocrx_word' id='word_1_104' title='bbox 1194 861 1430 911; x_wconf 74' lang='grc' dir='ltr'><strong><em>Ουένετούς</em></strong></span> <span class='ocrx_word' id='word_1_105' title='bbox 1458 866 1594 916; x_wconf 81' lang='grc' dir='ltr'><strong><em>τειχί-</em></strong></span> <span class='ocrx_word' id='word_1_106' title='bbox 1608 873 1642 906; x_wconf 84' lang='grc' dir='ltr'>Ρ.</span> <span class='ocrx_word' id='word_1_107' title='bbox 1660 871 1730 906; x_wconf 80' lang='lat'>299</span> 
     </span>
     <span class='ocr_line' id='line_1_13' title="bbox 126 925 1592 985; baseline -0.002 -10"><span class='ocrx_word' id='word_1_108' title='bbox 126 935 212 985; x_wconf 80' lang='grc' dir='ltr'><strong><em>ζειν</em></strong></span> <span class='ocrx_word' id='word_1_109' title='bbox 239 948 284 975; x_wconf 88' lang='grc' dir='ltr'>τε</span> <span class='ocrx_word' id='word_1_110' title='bbox 312 932 384 974; x_wconf 78' lang='grc' dir='ltr'>τὸν</span> <span class='ocrx_word' id='word_1_111' title='bbox 407 930 614 984; x_wconf 79' lang='grc' dir='ltr'><strong><em>Ἰσθμόν,</em></strong></span> <span class='ocrx_word' id='word_1_112' title='bbox 643 925 945 984; x_wconf 76' lang='grc' dir='ltr'><strong><em>πληρώσαντας</em></strong></span> <span class='ocrx_word' id='word_1_113' title='bbox 984 926 1171 983; x_wconf 81' lang='grc' dir='ltr'><strong><em>τριήρεις</em></strong></span> <span class='ocrx_word' id='word_1_114' title='bbox 1210 929 1253 975; x_wconf 82' lang='grc' dir='ltr'><strong><em>ἐς</em></strong></span> <span class='ocrx_word' id='word_1_115' title='bbox 1279 927 1592 983; x_wconf 76' lang='grc' dir='ltr'><strong><em>τεσσαράκοντα</em></strong></span> 
     </span>
     <span class='ocr_line' id='line_1_14' title="bbox 123 992 1591 1055; baseline -0.004 -12"><span class='ocrx_word' id='word_1_116' title='bbox 123 1001 236 1055; x_wconf 74' lang='grc' dir='ltr'><strong><em>νηῶν</em></strong></span> <span class='ocrx_word' id='word_1_117' title='bbox 273 999 320 1040; x_wconf 78' lang='grc' dir='ltr'>δὲ</span> <span class='ocrx_word' id='word_1_118' title='bbox 359 997 532 1052; x_wconf 75' lang='grc' dir='ltr'><strong><em>ὑψηλάς</em></strong></span> <span class='ocrx_word' id='word_1_119' title='bbox 563 997 843 1046; x_wconf 75' lang='grc' dir='ltr'><strong><em>δυοκαίδεκα,</em></strong></span> <span class='ocrx_word' id='word_1_120' title='bbox 872 997 945 1035; x_wconf 80' lang='grc' dir='ltr'>καί</span> <span class='ocrx_word' id='word_1_121' title='bbox 976 992 1149 1043; x_wconf 79' lang='grc' dir='ltr'><strong><em>ὁπλίτας</em></strong></span> <span class='ocrx_word' id='word_1_122' title='bbox 1187 992 1470 1048; x_wconf 79' lang='grc' dir='ltr'><strong><em>ἐπαγομένους</em></strong></span> <span class='ocrx_word' id='word_1_123' title='bbox 1509 995 1591 1037; x_wconf 85' lang='grc' dir='ltr'>οἷπὸ</span> 
     </span>
     <span class='ocr_line' id='line_1_15' title="bbox 118 1056 1591 1118; baseline -0.005 -9"><span class='ocrx_word' id='word_1_124' title='bbox 118 1065 323 1118; x_wconf 68' lang='grc' dir='ltr'><strong><em>Ἰταλίας,</em></strong></span> <span class='ocrx_word' id='word_1_125' title='bbox 344 1066 416 1106; x_wconf 83' lang='grc' dir='ltr'><strong><em>καί</em></strong></span> <span class='ocrx_word' id='word_1_126' title='bbox 432 1062 514 1104; x_wconf 83' lang='grc' dir='ltr'><strong><em>α’πὸ</em></strong></span> <span class='ocrx_word' id='word_1_127' title='bbox 534 1062 709 1117; x_wconf 84' lang='grc' dir='ltr'><strong><em>Κρήτης</em></strong></span> <span class='ocrx_word' id='word_1_128' title='bbox 728 1059 910 1115; x_wconf 80' lang='grc' dir='ltr'><strong><em>στρατὸν</em></strong></span> <span class='ocrx_word' id='word_1_129' title='bbox 931 1056 1071 1112; x_wconf 75' lang='grc' dir='ltr'><strong><em>ἄλλον,</em></strong></span> <span class='ocrx_word' id='word_1_130' title='bbox 1100 1060 1293 1113; x_wconf 77' lang='grc' dir='ltr'><strong><em>μεγάλως</em></strong></span> <span class='ocrx_word' id='word_1_131' title='bbox 1313 1058 1591 1115; x_wconf 80' lang='grc' dir='ltr'><strong><em>παρασκευά-</em></strong></span> 
     </span>
     <span class='ocr_line' id='line_1_16' title="bbox 123 1127 1730 1183; baseline -0.002 -9"><span class='ocrx_word' id='word_1_132' title='bbox 123 1135 288 1174; x_wconf 77' lang='grc' dir='ltr'><strong><em>σασθαι</em></strong></span> <span class='ocrx_word' id='word_1_133' title='bbox 317 1128 476 1178; x_wconf 71' lang='grc' dir='ltr'><strong><em>αότοὺς</em></strong></span> <span class='ocrx_word' id='word_1_134' title='bbox 490 1131 534 1177; x_wconf 80' lang='grc' dir='ltr'><strong><em>ἐς</em></strong></span> <span class='ocrx_word' id='word_1_135' title='bbox 554 1127 629 1183; x_wconf 78' lang='grc' dir='ltr'>τὴν</span> <span class='ocrx_word' id='word_1_136' title='bbox 647 1129 719 1182; x_wconf 86' lang='grc' dir='ltr'>τῆς</span> <span class='ocrx_word' id='word_1_137' title='bbox 736 1128 1068 1181; x_wconf 85' lang='grc' dir='ltr'><strong><em>Πελοποννήσου</em></strong></span> <span class='ocrx_word' id='word_1_138' title='bbox 1090 1127 1403 1183; x_wconf 77' lang='grc' dir='ltr'><strong><em>καταστροφήν,</em></strong></span> <span class='ocrx_word' id='word_1_139' title='bbox 1435 1131 1590 1181; x_wconf 83' lang='grc' dir='ltr'><strong><em>πέμπει</em></strong></span> <span class='ocrx_word' id='word_1_140' title='bbox 1601 1138 1644 1171; x_wconf 86' lang='lat' dir='ltr'>V.</span> <span class='ocrx_word' id='word_1_141' title='bbox 1660 1138 1730 1171; x_wconf 82' lang='lat'>233</span> 
     </span>
    </p>

    <p class='ocr_par' dir='ltr' id='par_1_9' title="bbox 68 1191 1595 1523">
     <span class='ocr_line' id='line_1_17' title="bbox 68 1191 1589 1252; baseline -0.003 -13"><span class='ocrx_word' id='word_1_142' title='bbox 68 1210 112 1245; x_wconf 86' lang='lat'>15</span> <span class='ocrx_word' id='word_1_143' title='bbox 126 1196 429 1252; x_wconf 80' lang='grc' dir='ltr'><strong><em>Μαχουμούτη</em></strong></span> <span class='ocrx_word' id='word_1_144' title='bbox 474 1194 862 1249; x_wconf 85' lang='grc' dir='ltr'><strong><em>συμπαραλαβόντα</em></strong></span> <span class='ocrx_word' id='word_1_145' title='bbox 913 1191 984 1235; x_wconf 83' lang='grc' dir='ltr'>τὸν</span> <span class='ocrx_word' id='word_1_146' title='bbox 1038 1195 1112 1246; x_wconf 82' lang='grc' dir='ltr'>τῆς</span> <span class='ocrx_word' id='word_1_147' title='bbox 1148 1193 1360 1246; x_wconf 79' lang='grc' dir='ltr'><strong><em>Εὗρώπης</em></strong></span> <span class='ocrx_word' id='word_1_148' title='bbox 1399 1193 1589 1248; x_wconf 82' lang='grc' dir='ltr'><strong><em>στρατόν,</em></strong></span> 
     </span>
     <span class='ocr_line' id='line_1_18' title="bbox 123 1260 1590 1319; baseline -0.002 -13"><span class='ocrx_word' id='word_1_149' title='bbox 123 1263 232 1319; x_wconf 69' lang='grc' dir='ltr'><strong><em>πλὴν</em></strong></span> <span class='ocrx_word' id='word_1_150' title='bbox 280 1264 364 1306; x_wconf 77' lang='grc' dir='ltr'>τῶν</span> <span class='ocrx_word' id='word_1_151' title='bbox 413 1261 516 1318; x_wconf 82' lang='grc' dir='ltr'><strong><em>πρὸς</em></strong></span> <span class='ocrx_word' id='word_1_152' title='bbox 567 1262 668 1310; x_wconf 80' lang='grc' dir='ltr'><strong><em>τούς</em></strong></span> <span class='ocrx_word' id='word_1_153' title='bbox 699 1262 897 1308; x_wconf 88' lang='grc' dir='ltr'><strong><em>Παιόνας</em></strong></span> <span class='ocrx_word' id='word_1_154' title='bbox 935 1262 1216 1315; x_wconf 76' lang='grc' dir='ltr'><strong><em>τεταγμένων,</em></strong></span> <span class='ocrx_word' id='word_1_155' title='bbox 1257 1260 1450 1302; x_wconf 80' lang='grc' dir='ltr'><strong><em>ἐλαύνειν</em></strong></span> <span class='ocrx_word' id='word_1_156' title='bbox 1479 1261 1590 1303; x_wconf 76' lang='grc' dir='ltr'><strong><em>ειῖθύ</em></strong></span> 
     </span>
     <span class='ocr_line' id='line_1_19' title="bbox 124 1321 1594 1383; baseline -0.004 -11"><span class='ocrx_word' id='word_1_157' title='bbox 124 1329 470 1383; x_wconf 75' lang='grc' dir='ltr'><strong><em>Πελοποννήσου,</em></strong></span> <span class='ocrx_word' id='word_1_158' title='bbox 499 1330 571 1370; x_wconf 82' lang='grc' dir='ltr'>καί</span> <span class='ocrx_word' id='word_1_159' title='bbox 602 1329 644 1370; x_wconf 91' lang='grc' dir='ltr'>εἰ</span> <span class='ocrx_word' id='word_1_160' title='bbox 668 1330 748 1381; x_wconf 88' lang='grc' dir='ltr'>μέν</span> <span class='ocrx_word' id='word_1_161' title='bbox 773 1343 815 1368; x_wconf 93' lang='grc' dir='ltr'>τι</span> <span class='ocrx_word' id='word_1_162' title='bbox 855 1324 987 1374; x_wconf 70' lang='grc' dir='ltr'><strong><em>αὐτὸς</em></strong></span> <span class='ocrx_word' id='word_1_163' title='bbox 1017 1321 1104 1373; x_wconf 82' lang='grc' dir='ltr'><strong><em>οἷος</em></strong></span> <span class='ocrx_word' id='word_1_164' title='bbox 1134 1323 1290 1367; x_wconf 79' lang='grc' dir='ltr'><strong><em>α’νύσαι</em></strong></span> <span class='ocrx_word' id='word_1_165' title='bbox 1316 1328 1359 1375; x_wconf 81' lang='grc' dir='ltr'><strong><em>ἐς</em></strong></span> <span class='ocrx_word' id='word_1_166' title='bbox 1386 1326 1459 1368; x_wconf 80' lang='grc' dir='ltr'>τὸν</span> <span class='ocrx_word' id='word_1_167' title='bbox 1487 1325 1594 1381; x_wconf 85' lang='grc' dir='ltr'><strong><em>πρὸς</em></strong></span> 
     </span>
     <span class='ocr_line' id='line_1_20' title="bbox 126 1391 1595 1455; baseline -0.002 -16"><span class='ocrx_word' id='word_1_168' title='bbox 126 1394 362 1443; x_wconf 79' lang='grc' dir='ltr'><strong><em>Ουἐνετούς</em></strong></span> <span class='ocrx_word' id='word_1_169' title='bbox 411 1394 614 1451; x_wconf 82' lang='grc' dir='ltr'><strong><em>πόλεμον,</em></strong></span> <span class='ocrx_word' id='word_1_170' title='bbox 642 1397 837 1436; x_wconf 76' lang='grc' dir='ltr'><strong><em>καθελεῖν</em></strong></span> <span class='ocrx_word' id='word_1_171' title='bbox 868 1407 913 1432; x_wconf 89' lang='grc' dir='ltr'>τε</span> <span class='ocrx_word' id='word_1_172' title='bbox 956 1391 1043 1455; x_wconf 43' lang='grc' dir='ltr'>τὸν,ν</span> <span class='ocrx_word' id='word_1_173' title='bbox 1063 1391 1245 1444; x_wconf 78' lang='grc' dir='ltr'><strong><em>Ἰσθμὸν</em></strong></span> <span class='ocrx_word' id='word_1_174' title='bbox 1285 1393 1359 1434; x_wconf 84' lang='grc' dir='ltr'>καί</span> <span class='ocrx_word' id='word_1_175' title='bbox 1398 1395 1595 1446; x_wconf 83' lang='grc' dir='ltr'><strong><em>ἐσβαλεῖν</em></strong></span> 
     </span>
     <span class='ocr_line' id='line_1_21' title="bbox 122 1455 1595 1523; baseline -0.002 -19"><span class='ocrx_word' id='word_1_176' title='bbox 122 1459 215 1516; x_wconf 78' lang='grc' dir='ltr'><strong><em>ἅμα</em></strong></span> <span class='ocrx_word' id='word_1_177' title='bbox 241 1463 284 1511; x_wconf 83' lang='grc' dir='ltr'><strong><em>ἐς</em></strong></span> <span class='ocrx_word' id='word_1_178' title='bbox 312 1460 388 1516; x_wconf 77' lang='grc' dir='ltr'>τὴν</span> <span class='ocrx_word' id='word_1_179' title='bbox 416 1457 762 1514; x_wconf 86' lang='grc' dir='ltr'><strong><em>Πελοπόννησον,</em></strong></span> <span class='ocrx_word' id='word_1_180' title='bbox 793 1459 834 1500; x_wconf 87' lang='grc' dir='ltr'>εἶ</span> <span class='ocrx_word' id='word_1_181' title='bbox 874 1459 921 1499; x_wconf 81' lang='grc' dir='ltr'>δὲ</span> <span class='ocrx_word' id='word_1_182' title='bbox 946 1455 1005 1513; x_wconf 78' lang='grc' dir='ltr'>μή</span> <span class='ocrx_word' id='word_1_183' title='bbox 1024 1457 1137 1510; x_wconf 30' lang='grc' dir='ltr'><strong><em>»καί</em></strong></span> <span class='ocrx_word' id='word_1_184' title='bbox 1160 1459 1277 1515; x_wconf 72' lang='grc' dir='ltr'><strong><em>αὐτῷ</em></strong></span> <span class='ocrx_word' id='word_1_185' title='bbox 1306 1460 1595 1523; x_wconf 61' lang='grc' dir='ltr'><strong><em>α’παγγέλλειν,</em></strong></span> 
     </span>
    </p>

    <p class='ocr_par' dir='ltr' id='par_1_10' title="bbox 64 1521 1630 1649">
     <span class='ocr_line' id='line_1_22' title="bbox 64 1521 1630 1579; baseline -0.002 -9"><span class='ocrx_word' id='word_1_186' title='bbox 64 1539 112 1575; x_wconf 82' lang='lat'>20</span> <span class='ocrx_word' id='word_1_187' title='bbox 125 1525 234 1571; x_wconf 71' lang='grc' dir='ltr'><strong><em>ὥστε</em></strong></span> <span class='ocrx_word' id='word_1_188' title='bbox 263 1525 366 1569; x_wconf 77' lang='grc' dir='ltr'><strong><em>κατὰ</em></strong></span> <span class='ocrx_word' id='word_1_189' title='bbox 396 1525 525 1574; x_wconf 81' lang='grc' dir='ltr'><strong><em>πόδας</em></strong></span> <span class='ocrx_word' id='word_1_190' title='bbox 554 1524 762 1567; x_wconf 79' lang='grc' dir='ltr'><strong><em>ἐλαύνειν.</em></strong></span> <span class='ocrx_word' id='word_1_191' title='bbox 831 1521 852 1565; x_wconf 82' lang='grc' dir='ltr'><em>ὃ</em></span> <span class='ocrx_word' id='word_1_192' title='bbox 883 1526 962 1576; x_wconf 78' lang='grc' dir='ltr'>μὲν</span> <span class='ocrx_word' id='word_1_193' title='bbox 990 1525 1072 1566; x_wconf 75' lang='grc' dir='ltr'>τῶν</span> <span class='ocrx_word' id='word_1_194' title='bbox 1108 1527 1257 1578; x_wconf 73' lang='grc' dir='ltr'><strong><em>θυρῶν</em></strong></span> <span class='ocrx_word' id='word_1_195' title='bbox 1287 1524 1457 1579; x_wconf 80' lang='grc' dir='ltr'><strong><em>ἡγεμών</em></strong></span> <span class='ocrx_word' id='word_1_196' title='bbox 1487 1529 1630 1568; x_wconf 70' lang='lat' dir='ltr'>Mra-B</span> 
     </span>
     <span class='ocr_line' id='line_1_23' title="bbox 121 1588 1592 1649; baseline -0.004 -13"><span class='ocrx_word' id='word_1_197' title='bbox 121 1592 367 1649; x_wconf 79' lang='grc' dir='ltr'><strong><em>χουμούτης</em></strong></span> <span class='ocrx_word' id='word_1_198' title='bbox 395 1590 656 1647; x_wconf 79' lang='grc' dir='ltr'><strong><em>παραλαβών</em></strong></span> <span class='ocrx_word' id='word_1_199' title='bbox 685 1591 759 1632; x_wconf 86' lang='grc' dir='ltr'>τὸν</span> <span class='ocrx_word' id='word_1_200' title='bbox 798 1592 874 1645; x_wconf 83' lang='grc' dir='ltr'>τῆς</span> <span class='ocrx_word' id='word_1_201' title='bbox 903 1590 1116 1644; x_wconf 70' lang='grc' dir='ltr'><strong><em>Εὐρώπης</em></strong></span> <span class='ocrx_word' id='word_1_202' title='bbox 1146 1589 1325 1645; x_wconf 83' lang='grc' dir='ltr'><strong><em>στρατὸν</em></strong></span> <span class='ocrx_word' id='word_1_203' title='bbox 1354 1588 1485 1647; x_wconf 79' lang='grc' dir='ltr'><strong><em>ἤλασε</em></strong></span> <span class='ocrx_word' id='word_1_204' title='bbox 1516 1595 1592 1645; x_wconf 82' lang='grc' dir='ltr'><strong><em>με’-</em></strong></span> 
     </span>
    </p>
   </div>
   <div class='ocr_carea' id='block_1_4' title="bbox 219 1693 1119 1739">
    <p class='ocr_par' dir='ltr' id='par_1_11' title="bbox 219 1693 1119 1739">
     <span class='ocr_line' id='line_1_24' title="bbox 219 1693 1119 1739; baseline -0.002 -8"><span class='ocrx_word' id='word_1_205' title='bbox 219 1696 254 1731; x_wconf 84' lang='lat'>4.</span> <span class='ocrx_word' id='word_1_206' title='bbox 286 1693 441 1734; x_wconf 68' lang='grc' dir='ltr'><strong><em>ἀπιέναι</em></strong></span> <span class='ocrx_word' id='word_1_207' title='bbox 468 1697 492 1730; x_wconf 83' lang='grc' dir='ltr'>Ρ</span> <span class='ocrx_word' id='word_1_208' title='bbox 613 1697 668 1730; x_wconf 81' lang='lat'>12.</span> <span class='ocrx_word' id='word_1_209' title='bbox 694 1695 813 1739; x_wconf 66' lang='grc' dir='ltr'><strong><em>νῆαςῗ</em></strong></span> <span class='ocrx_word' id='word_1_210' title='bbox 932 1695 986 1731; x_wconf 86' lang='grc'>17.</span> <span class='ocrx_word' id='word_1_211' title='bbox 1008 1707 1066 1730; x_wconf 83' lang='grc' dir='ltr'>τοι</span> <span class='ocrx_word' id='word_1_212' title='bbox 1096 1696 1119 1729; x_wconf 84' lang='grc' dir='ltr'>Ρ</span> 
     </span>
    </p>
   </div>
   <div class='ocr_carea' id='block_1_5' title="bbox 128 1803 1600 2792">
    <p class='ocr_par' dir='ltr' id='par_1_12' title="bbox 128 1803 1597 2272">
     <span class='ocr_line' id='line_1_25' title="bbox 128 1803 1592 1844; baseline 0.002 -3"><span class='ocrx_word' id='word_1_213' title='bbox 128 1808 238 1841; x_wconf 72' lang='lat' dir='ltr'>situm</span> <span class='ocrx_word' id='word_1_214' title='bbox 262 1811 341 1840; x_wconf 84' lang='lat' dir='ltr'>erat</span> <span class='ocrx_word' id='word_1_215' title='bbox 367 1805 412 1839; x_wconf 82' lang='lat' dir='ltr'>nb</span> <span class='ocrx_word' id='word_1_216' title='bbox 436 1806 566 1839; x_wconf 84' lang='lat' dir='ltr'>iuvene</span> <span class='ocrx_word' id='word_1_217' title='bbox 595 1805 731 1839; x_wconf 83' lang='lat' dir='ltr'>Graeco</span> <span class='ocrx_word' id='word_1_218' title='bbox 755 1803 904 1837; x_wconf 90' lang='lat' dir='ltr'>nomine</span> <span class='ocrx_word' id='word_1_219' title='bbox 928 1803 1062 1837; x_wconf 83' lang='lat' dir='ltr'>Gritza.</span> <span class='ocrx_word' id='word_1_220' title='bbox 1087 1803 1237 1837; x_wconf 86' lang='lat' dir='ltr'>Venetis</span> <span class='ocrx_word' id='word_1_221' title='bbox 1261 1806 1331 1839; x_wconf 86' lang='lat' dir='ltr'>iam</span> <span class='ocrx_word' id='word_1_222' title='bbox 1358 1809 1472 1842; x_wconf 84' lang='lat' dir='ltr'>omnis</span> <span class='ocrx_word' id='word_1_223' title='bbox 1493 1821 1592 1844; x_wconf 79' lang='lat' dir='ltr'>mora</span> 
     </span>
     <span class='ocr_line' id='line_1_26' title="bbox 128 1850 1594 1897; baseline 0.003 -10"><span class='ocrx_word' id='word_1_224' title='bbox 128 1855 165 1887; x_wconf 82' lang='lat' dir='ltr'>in</span> <span class='ocrx_word' id='word_1_225' title='bbox 197 1853 333 1887; x_wconf 77' lang='lat' dir='ltr'>Isthmo</span> <span class='ocrx_word' id='word_1_226' title='bbox 365 1852 596 1886; x_wconf 75' lang='lat' dir='ltr'>intoleranda</span> <span class='ocrx_word' id='word_1_227' title='bbox 624 1858 713 1893; x_wconf 80' lang='lat' dir='ltr'>erat,</span> <span class='ocrx_word' id='word_1_228' title='bbox 738 1862 817 1884; x_wconf 89' lang='lat' dir='ltr'>cum</span> <span class='ocrx_word' id='word_1_229' title='bbox 845 1850 1010 1883; x_wconf 83' lang='lat' dir='ltr'>viderent</span> <span class='ocrx_word' id='word_1_230' title='bbox 1036 1862 1073 1884; x_wconf 76' lang='lat' dir='ltr'>se</span> <span class='ocrx_word' id='word_1_231' title='bbox 1098 1853 1338 1897; x_wconf 78' lang='lat' dir='ltr'>nequicquam</span> <span class='ocrx_word' id='word_1_232' title='bbox 1362 1855 1526 1890; x_wconf 84' lang='lat' dir='ltr'>laborare</span> <span class='ocrx_word' id='word_1_233' title='bbox 1554 1863 1594 1891; x_wconf 89' lang='lat' dir='ltr'>ut</span> 
     </span>
     <span class='ocr_line' id='line_1_27' title="bbox 129 1898 1593 1947; baseline 0 -12"><span class='ocrx_word' id='word_1_234' title='bbox 129 1901 398 1945; x_wconf 77' lang='lat' dir='ltr'>Peloponnesus</span> <span class='ocrx_word' id='word_1_235' title='bbox 437 1900 683 1932; x_wconf 85' lang='lat' dir='ltr'>subiiceretur.</span> <span class='ocrx_word' id='word_1_236' title='bbox 763 1898 999 1930; x_wconf 77' lang='lat' dir='ltr'>nuntiabatur</span> <span class='ocrx_word' id='word_1_237' title='bbox 1033 1899 1171 1930; x_wconf 83' lang='lat' dir='ltr'>interea</span> <span class='ocrx_word' id='word_1_238' title='bbox 1207 1899 1451 1935; x_wconf 79' lang='lat' dir='ltr'>Machumetes</span> <span class='ocrx_word' id='word_1_239' title='bbox 1479 1905 1593 1947; x_wconf 80' lang='lat' dir='ltr'>regius</span> 
     </span>
     <span class='ocr_line' id='line_1_28' title="bbox 130 1944 1594 1995; baseline 0.002 -14"><span class='ocrx_word' id='word_1_240' title='bbox 130 1949 346 1994; x_wconf 75' lang='lat' dir='ltr'><strong>praefectus,</strong></span> <span class='ocrx_word' id='word_1_241' title='bbox 370 1948 506 1991; x_wconf 82' lang='lat' dir='ltr'>magnis</span> <span class='ocrx_word' id='word_1_242' title='bbox 545 1945 660 1990; x_wconf 86' lang='lat' dir='ltr'>copiis</span> <span class='ocrx_word' id='word_1_243' title='bbox 690 1945 887 1978; x_wconf 83' lang='lat' dir='ltr'>instructus</span> <span class='ocrx_word' id='word_1_244' title='bbox 928 1945 966 1977; x_wconf 91' lang='lat' dir='ltr'>in</span> <span class='ocrx_word' id='word_1_245' title='bbox 996 1944 1166 1977; x_wconf 79' lang='lat' dir='ltr'>isthmum</span> <span class='ocrx_word' id='word_1_246' title='bbox 1192 1946 1426 1989; x_wconf 82' lang='lat' dir='ltr'>contendere,</span> <span class='ocrx_word' id='word_1_247' title='bbox 1455 1951 1594 1995; x_wconf 77' lang='lat' dir='ltr'>spirans</span> 
     </span>
     <span class='ocr_line' id='line_1_29' title="bbox 133 1991 1596 2035; baseline 0.001 -7"><span class='ocrx_word' id='word_1_248' title='bbox 133 1995 260 2028; x_wconf 80' lang='lat' dir='ltr'>caedes</span> <span class='ocrx_word' id='word_1_249' title='bbox 286 1994 543 2027; x_wconf 84' lang='lat' dir='ltr'>Venetorum.&#39;</span> <span class='ocrx_word' id='word_1_250' title='bbox 581 1994 687 2026; x_wconf 80' lang='lat' dir='ltr'>etiam</span> <span class='ocrx_word' id='word_1_251' title='bbox 731 1993 823 2024; x_wconf 85' lang='lat' dir='ltr'><strong>fama</strong></span> <span class='ocrx_word' id='word_1_252' title='bbox 865 1991 1048 2024; x_wconf 84' lang='lat' dir='ltr'>ferebatur</span> <span class='ocrx_word' id='word_1_253' title='bbox 1078 2002 1195 2035; x_wconf 83' lang='lat' dir='ltr'>regem</span> <span class='ocrx_word' id='word_1_254' title='bbox 1221 2003 1299 2026; x_wconf 86' lang='lat' dir='ltr'>cum</span> <span class='ocrx_word' id='word_1_255' title='bbox 1329 1997 1486 2029; x_wconf 84' lang='lat' dir='ltr'>exercitu</span> <span class='ocrx_word' id='word_1_256' title='bbox 1513 1998 1596 2030; x_wconf 83' lang='lat' dir='ltr'>Ma-</span> 
     </span>
     <span class='ocr_line' id='line_1_30' title="bbox 133 2039 1595 2090; baseline 0.002 -15"><span class='ocrx_word' id='word_1_257' title='bbox 133 2043 357 2082; x_wconf 83' lang='lat' dir='ltr'>chumetem,</span> <span class='ocrx_word' id='word_1_258' title='bbox 384 2046 424 2074; x_wconf 84' lang='lat' dir='ltr'>ut</span> <span class='ocrx_word' id='word_1_259' title='bbox 452 2042 486 2074; x_wconf 92' lang='lat' dir='ltr'>ei</span> <span class='ocrx_word' id='word_1_260' title='bbox 515 2039 676 2073; x_wconf 81' lang='lat' dir='ltr'>subsidio</span> <span class='ocrx_word' id='word_1_261' title='bbox 702 2039 824 2071; x_wconf 82' lang='lat' dir='ltr'>venire</span> <span class='ocrx_word' id='word_1_262' title='bbox 852 2044 997 2083; x_wconf 84' lang='lat' dir='ltr'>posset,</span> <span class='ocrx_word' id='word_1_263' title='bbox 1026 2039 1054 2070; x_wconf 82' lang='lat' dir='ltr'>si</span> <span class='ocrx_word' id='word_1_264' title='bbox 1081 2050 1134 2071; x_wconf 87' lang='lat' dir='ltr'>res</span> <span class='ocrx_word' id='word_1_265' title='bbox 1163 2041 1382 2083; x_wconf 77' lang='lat' dir='ltr'>postularet,</span> <span class='ocrx_word' id='word_1_266' title='bbox 1409 2043 1595 2090; x_wconf 85' lang='lat' dir='ltr'><strong>subsequi.</strong></span> 
     </span>
     <span class='ocr_line' id='line_1_31' title="bbox 133 2085 1596 2136; baseline 0 -13"><span class='ocrx_word' id='word_1_267' title='bbox 133 2089 371 2123; x_wconf 85' lang='lat' dir='ltr'>decreverunt</span> <span class='ocrx_word' id='word_1_268' title='bbox 396 2088 519 2134; x_wconf 82' lang='lat' dir='ltr'>itaque</span> <span class='ocrx_word' id='word_1_269' title='bbox 548 2098 673 2131; x_wconf 83' lang='lat' dir='ltr'>magno</span> <span class='ocrx_word' id='word_1_270' title='bbox 701 2097 876 2119; x_wconf 89' lang='lat' dir='ltr'>consensu</span> <span class='ocrx_word' id='word_1_271' title='bbox 907 2085 1079 2118; x_wconf 71' lang='lat' dir='ltr'>isthmum</span> <span class='ocrx_word' id='word_1_272' title='bbox 1108 2085 1287 2129; x_wconf 87' lang='lat' dir='ltr'>deserere,</span> <span class='ocrx_word' id='word_1_273' title='bbox 1321 2094 1360 2122; x_wconf 90' lang='lat' dir='ltr'>ut</span> <span class='ocrx_word' id='word_1_274' title='bbox 1386 2090 1485 2123; x_wconf 87' lang='lat' dir='ltr'>cuius</span> <span class='ocrx_word' id='word_1_275' title='bbox 1511 2103 1596 2136; x_wconf 85' lang='lat' dir='ltr'>par-</span> 
     </span>
     <span class='ocr_line' id='line_1_32' title="bbox 132 2131 1597 2181; baseline 0.001 -11"><span class='ocrx_word' id='word_1_276' title='bbox 132 2148 196 2171; x_wconf 84' lang='lat' dir='ltr'>vus</span> <span class='ocrx_word' id='word_1_277' title='bbox 227 2137 265 2169; x_wconf 88' lang='lat' dir='ltr'>in</span> <span class='ocrx_word' id='word_1_278' title='bbox 300 2135 582 2181; x_wconf 76' lang='lat' dir='ltr'><strong>praesentiarum</strong></span> <span class='ocrx_word' id='word_1_279' title='bbox 620 2139 712 2166; x_wconf 82' lang='lat' dir='ltr'>esset</span> <span class='ocrx_word' id='word_1_280' title='bbox 742 2145 839 2166; x_wconf 84' lang='lat' dir='ltr'>usus.</span> <span class='ocrx_word' id='word_1_281' title='bbox 900 2132 1047 2176; x_wconf 80' lang='lat' dir='ltr'>digressi</span> <span class='ocrx_word' id='word_1_282' title='bbox 1086 2131 1220 2166; x_wconf 85' lang='lat' dir='ltr'>Isthmo</span> <span class='ocrx_word' id='word_1_283' title='bbox 1263 2136 1533 2171; x_wconf 81' lang='lat' dir='ltr'>contendebant</span> <span class='ocrx_word' id='word_1_284' title='bbox 1558 2139 1597 2172; x_wconf 88' lang='lat' dir='ltr'>in</span> 
     </span>
     <span class='ocr_line' id='line_1_33' title="bbox 133 2180 1596 2229; baseline 0.001 -12"><span class='ocrx_word' id='word_1_285' title='bbox 133 2185 254 2224; x_wconf 84' lang='lat' dir='ltr'>urbes,</span> <span class='ocrx_word' id='word_1_286' title='bbox 283 2194 370 2229; x_wconf 78' lang='lat' dir='ltr'><strong>quas</strong></span> <span class='ocrx_word' id='word_1_287' title='bbox 396 2181 582 2227; x_wconf 79' lang='lat' dir='ltr'>praesidiis</span> <span class='ocrx_word' id='word_1_288' title='bbox 608 2181 910 2225; x_wconf 82' lang='lat' dir='ltr'>munimentisque</span> <span class='ocrx_word' id='word_1_289' title='bbox 934 2180 1017 2227; x_wconf 65' lang='lat' dir='ltr'>filiis</span> <span class='ocrx_word' id='word_1_290' title='bbox 1042 2180 1243 2221; x_wconf 80' lang='lat' dir='ltr'>firmabant,</span> <span class='ocrx_word' id='word_1_291' title='bbox 1267 2188 1306 2215; x_wconf 85' lang='lat' dir='ltr'>ut</span> <span class='ocrx_word' id='word_1_292' title='bbox 1332 2185 1423 2227; x_wconf 86' lang='lat' dir='ltr'>regis</span> <span class='ocrx_word' id='word_1_293' title='bbox 1451 2190 1488 2218; x_wconf 89' lang='lat' dir='ltr'>et</span> <span class='ocrx_word' id='word_1_294' title='bbox 1517 2185 1596 2218; x_wconf 83' lang='lat' dir='ltr'>Ma-</span> 
     </span>
     <span class='ocr_line' id='line_1_34' title="bbox 133 2227 1146 2272; baseline -0.007 -7"><span class='ocrx_word' id='word_1_295' title='bbox 133 2231 308 2265; x_wconf 84' lang='lat' dir='ltr'>chumetis</span> <span class='ocrx_word' id='word_1_296' title='bbox 333 2231 418 2270; x_wconf 86' lang='lat' dir='ltr'>vim,</span> <span class='ocrx_word' id='word_1_297' title='bbox 443 2230 473 2262; x_wconf 84' lang='lat' dir='ltr'>si</span> <span class='ocrx_word' id='word_1_298' title='bbox 499 2227 723 2268; x_wconf 79' lang='lat' dir='ltr'>accederent,</span> <span class='ocrx_word' id='word_1_299' title='bbox 750 2228 962 2272; x_wconf 79' lang='lat' dir='ltr'><strong>propulsare</strong></span> <span class='ocrx_word' id='word_1_300' title='bbox 988 2232 1146 2271; x_wconf 80' lang='lat' dir='ltr'>possent.</span> 
     </span>
    </p>

    <p class='ocr_par' dir='ltr' id='par_1_13' title="bbox 135 2274 1600 2792">
     <span class='ocr_line' id='line_1_35' title="bbox 226 2274 1597 2320; baseline -0.004 -9"><span class='ocrx_word' id='word_1_301' title='bbox 226 2279 299 2311; x_wconf 76' lang='lat' dir='ltr'>Rex</span> <span class='ocrx_word' id='word_1_302' title='bbox 325 2277 388 2310; x_wconf 90' lang='lat' dir='ltr'>ubi</span> <span class='ocrx_word' id='word_1_303' title='bbox 416 2276 584 2320; x_wconf 86' lang='lat' dir='ltr'>cognovit</span> <span class='ocrx_word' id='word_1_304' title='bbox 619 2275 776 2308; x_wconf 77' lang='lat' dir='ltr'>Venetos</span> <span class='ocrx_word' id='word_1_305' title='bbox 809 2284 909 2307; x_wconf 87' lang='lat' dir='ltr'>muro</span> <span class='ocrx_word' id='word_1_306' title='bbox 947 2274 1220 2306; x_wconf 82' lang='lat' dir='ltr'>circumvenisse</span> <span class='ocrx_word' id='word_1_307' title='bbox 1255 2274 1427 2308; x_wconf 80' lang='lat' dir='ltr'><strong>Isthmum</strong></span> <span class='ocrx_word' id='word_1_308' title='bbox 1471 2278 1597 2311; x_wconf 80' lang='lat' dir='ltr'>etim-</span> 
     </span>
     <span class='ocr_line' id='line_1_36' title="bbox 135 2320 1597 2369; baseline 0.001 -14"><span class='ocrx_word' id='word_1_309' title='bbox 135 2325 254 2369; x_wconf 82' lang='lat' dir='ltr'>plesse</span> <span class='ocrx_word' id='word_1_310' title='bbox 277 2324 440 2357; x_wconf 78' lang='lat' dir='ltr'>triremes</span> <span class='ocrx_word' id='word_1_311' title='bbox 466 2322 703 2368; x_wconf 82' lang='lat' dir='ltr'>quadraginta</span> <span class='ocrx_word' id='word_1_312' title='bbox 730 2327 767 2354; x_wconf 72' lang='lat' dir='ltr'>et</span> <span class='ocrx_word' id='word_1_313' title='bbox 794 2332 902 2354; x_wconf 87' lang='lat' dir='ltr'>naves</span> <span class='ocrx_word' id='word_1_314' title='bbox 921 2322 1009 2354; x_wconf 80' lang='lat' dir='ltr'>altas</span> <span class='ocrx_word' id='word_1_315' title='bbox 1035 2320 1235 2359; x_wconf 85' lang='lat' dir='ltr'>duodecim,</span> <span class='ocrx_word' id='word_1_316' title='bbox 1264 2328 1448 2365; x_wconf 79' lang='lat' dir='ltr'>praeterea</span> <span class='ocrx_word' id='word_1_317' title='bbox 1478 2335 1597 2357; x_wconf 78' lang='lat' dir='ltr'>arma-</span> 
     </span>
     <span class='ocr_line' id='line_1_37' title="bbox 136 2368 1598 2413; baseline 0 -9"><span class='ocrx_word' id='word_1_318' title='bbox 136 2377 192 2405; x_wconf 85' lang='lat' dir='ltr'>tos</span> <span class='ocrx_word' id='word_1_319' title='bbox 219 2372 330 2404; x_wconf 83' lang='lat' dir='ltr'>ltaios</span> <span class='ocrx_word' id='word_1_320' title='bbox 364 2370 555 2402; x_wconf 70' lang='lat' dir='ltr'>adduxisse</span> <span class='ocrx_word' id='word_1_321' title='bbox 590 2375 627 2402; x_wconf 88' lang='lat' dir='ltr'>et</span> <span class='ocrx_word' id='word_1_322' title='bbox 668 2369 712 2401; x_wconf 84' lang='lat' dir='ltr'>ab</span> <span class='ocrx_word' id='word_1_323' title='bbox 740 2369 843 2401; x_wconf 84' lang='lat' dir='ltr'>Creta</span> <span class='ocrx_word' id='word_1_324' title='bbox 877 2368 987 2400; x_wconf 82' lang='lat' dir='ltr'>alium</span> <span class='ocrx_word' id='word_1_325' title='bbox 1012 2369 1234 2408; x_wconf 83' lang='lat' dir='ltr'>exercitum,</span> <span class='ocrx_word' id='word_1_326' title='bbox 1273 2369 1404 2413; x_wconf 89' lang='lat' dir='ltr'>quibus</span> <span class='ocrx_word' id='word_1_327' title='bbox 1431 2372 1598 2405; x_wconf 87' lang='lat' dir='ltr'>omnibus</span> 
     </span>
     <span class='ocr_line' id='line_1_38' title="bbox 137 2414 1598 2462; baseline 0 -10"><span class='ocrx_word' id='word_1_328' title='bbox 137 2419 219 2452; x_wconf 81' lang='lat' dir='ltr'>freti</span> <span class='ocrx_word' id='word_1_329' title='bbox 245 2417 282 2450; x_wconf 86' lang='lat' dir='ltr'>id</span> <span class='ocrx_word' id='word_1_330' title='bbox 310 2417 451 2450; x_wconf 88' lang='lat' dir='ltr'>unicum</span> <span class='ocrx_word' id='word_1_331' title='bbox 478 2421 682 2461; x_wconf 82' lang='lat' dir='ltr'>spectarent</span> <span class='ocrx_word' id='word_1_332' title='bbox 708 2421 748 2448; x_wconf 89' lang='lat' dir='ltr'>ut</span> <span class='ocrx_word' id='word_1_333' title='bbox 763 2416 1047 2461; x_wconf 82' lang='lat' dir='ltr'>Peloponnesum</span> <span class='ocrx_word' id='word_1_334' title='bbox 1075 2414 1297 2458; x_wconf 80' lang='lat' dir='ltr'>subigerent,</span> <span class='ocrx_word' id='word_1_335' title='bbox 1323 2416 1419 2448; x_wconf 85' lang='lat' dir='ltr'><strong>haud</strong></span> <span class='ocrx_word' id='word_1_336' title='bbox 1445 2419 1598 2462; x_wconf 82' lang='lat' dir='ltr'>amplius</span> 
     </span>
     <span class='ocr_line' id='line_1_39' title="bbox 136 2462 1597 2507; baseline 0 -9"><span class='ocrx_word' id='word_1_337' title='bbox 136 2464 376 2498; x_wconf 83' lang='lat' dir='ltr'>cunctandum</span> <span class='ocrx_word' id='word_1_338' title='bbox 419 2470 515 2496; x_wconf 81' lang='lat' dir='ltr'>ratus</span> <span class='ocrx_word' id='word_1_339' title='bbox 553 2463 814 2496; x_wconf 84' lang='lat' dir='ltr'>Machumetem</span> <span class='ocrx_word' id='word_1_340' title='bbox 854 2463 960 2494; x_wconf 84' lang='lat' dir='ltr'>iussit</span> <span class='ocrx_word' id='word_1_341' title='bbox 995 2462 1157 2506; x_wconf 88' lang='lat' dir='ltr'>accipere</span> <span class='ocrx_word' id='word_1_342' title='bbox 1190 2462 1352 2507; x_wconf 83' lang='lat' dir='ltr'>Europae</span> <span class='ocrx_word' id='word_1_343' title='bbox 1389 2466 1597 2506; x_wconf 79' lang='lat' dir='ltr'>exercitum,</span> 
     </span>
     <span class='ocr_line' id='line_1_40' title="bbox 137 2507 1600 2558; baseline 0.001 -14"><span class='ocrx_word' id='word_1_344' title='bbox 137 2517 281 2558; x_wconf 83' lang='lat' dir='ltr'>praeter</span> <span class='ocrx_word' id='word_1_345' title='bbox 305 2522 385 2543; x_wconf 79' lang='lat' dir='ltr'>eum</span> <span class='ocrx_word' id='word_1_346' title='bbox 410 2511 472 2557; x_wconf 87' lang='lat' dir='ltr'>qui</span> <span class='ocrx_word' id='word_1_347' title='bbox 498 2510 724 2543; x_wconf 75' lang='lat' dir='ltr'>pannonibus</span> <span class='ocrx_word' id='word_1_348' title='bbox 754 2511 942 2555; x_wconf 86' lang='lat' dir='ltr'>oppositus</span> <span class='ocrx_word' id='word_1_349' title='bbox 971 2514 1057 2548; x_wconf 78' lang='lat' dir='ltr'>erat,</span> <span class='ocrx_word' id='word_1_350' title='bbox 1086 2514 1123 2541; x_wconf 89' lang='lat' dir='ltr'>et</span> <span class='ocrx_word' id='word_1_351' title='bbox 1149 2514 1242 2540; x_wconf 77' lang='lat' dir='ltr'>recta</span> <span class='ocrx_word' id='word_1_352' title='bbox 1270 2510 1447 2554; x_wconf 73' lang='lat' dir='ltr'>proticisci</span> <span class='ocrx_word' id='word_1_353' title='bbox 1476 2512 1512 2544; x_wconf 90' lang='lat' dir='ltr'>in</span> <span class='ocrx_word' id='word_1_354' title='bbox 1536 2507 1600 2545; x_wconf 83' lang='lat' dir='ltr'>Pe-</span> 
     </span>
     <span class='ocr_line' id='line_1_41' title="bbox 138 2555 1598 2603; baseline 0 -11"><span class='ocrx_word' id='word_1_355' title='bbox 138 2560 390 2603; x_wconf 87' lang='lat' dir='ltr'>loponnesum.</span> <span class='ocrx_word' id='word_1_356' title='bbox 441 2563 624 2602; x_wconf 81' lang='lat' dir='ltr'>praeterea</span> <span class='ocrx_word' id='word_1_357' title='bbox 651 2558 814 2602; x_wconf 83' lang='lat' dir='ltr'>imperat,</span> <span class='ocrx_word' id='word_1_358' title='bbox 841 2557 869 2589; x_wconf 87' lang='lat' dir='ltr'>si</span> <span class='ocrx_word' id='word_1_359' title='bbox 896 2555 985 2601; x_wconf 85' lang='lat' dir='ltr'>quid</span> <span class='ocrx_word' id='word_1_360' title='bbox 1009 2561 1132 2600; x_wconf 80' lang='lat' dir='ltr'>posset</span> <span class='ocrx_word' id='word_1_361' title='bbox 1158 2555 1296 2588; x_wconf 83' lang='lat' dir='ltr'>essicere</span> <span class='ocrx_word' id='word_1_362' title='bbox 1322 2558 1359 2589; x_wconf 90' lang='lat' dir='ltr'>in</span> <span class='ocrx_word' id='word_1_363' title='bbox 1388 2557 1485 2590; x_wconf 89' lang='lat' dir='ltr'>bello</span> <span class='ocrx_word' id='word_1_364' title='bbox 1512 2570 1598 2592; x_wconf 91' lang='lat' dir='ltr'>con-</span> 
     </span>
     <span class='ocr_line' id='line_1_42' title="bbox 139 2601 1599 2648; baseline 0.001 -10"><span class='ocrx_word' id='word_1_365' title='bbox 139 2611 193 2639; x_wconf 72' lang='lat' dir='ltr'>tra</span> <span class='ocrx_word' id='word_1_366' title='bbox 218 2606 390 2645; x_wconf 85' lang='lat' dir='ltr'>Venetos,</span> <span class='ocrx_word' id='word_1_367' title='bbox 422 2605 620 2637; x_wconf 81' lang='lat' dir='ltr'>eniteretur</span> <span class='ocrx_word' id='word_1_368' title='bbox 656 2604 840 2636; x_wconf 84' lang='lat' dir='ltr'>destruere</span> <span class='ocrx_word' id='word_1_369' title='bbox 867 2604 1040 2636; x_wconf 85' lang='lat' dir='ltr'>Isthmum</span> <span class='ocrx_word' id='word_1_370' title='bbox 1078 2608 1114 2635; x_wconf 85' lang='lat' dir='ltr'>et</span> <span class='ocrx_word' id='word_1_371' title='bbox 1139 2601 1272 2634; x_wconf 85' lang='lat' dir='ltr'>deinde</span> <span class='ocrx_word' id='word_1_372' title='bbox 1299 2604 1533 2648; x_wconf 86' lang='lat' dir='ltr'>irruptionem</span> <span class='ocrx_word' id='word_1_373' title='bbox 1560 2607 1599 2639; x_wconf 88' lang='lat' dir='ltr'>iu</span> 
     </span>
     <span class='ocr_line' id='line_1_43' title="bbox 140 2649 1598 2698; baseline 0 -12"><span class='ocrx_word' id='word_1_374' title='bbox 140 2653 425 2698; x_wconf 82' lang='lat' dir='ltr'>Peloponnesum</span> <span class='ocrx_word' id='word_1_375' title='bbox 454 2651 583 2684; x_wconf 69' lang='lat' dir='ltr'>facere.</span> <span class='ocrx_word' id='word_1_376' title='bbox 635 2650 765 2696; x_wconf 88' lang='lat' dir='ltr'>quodsi</span> <span class='ocrx_word' id='word_1_377' title='bbox 794 2650 882 2683; x_wconf 82' lang='lat' dir='ltr'>haec</span> <span class='ocrx_word' id='word_1_378' title='bbox 919 2660 1045 2694; x_wconf 79' lang='lat' dir='ltr'>parum</span> <span class='ocrx_word' id='word_1_379' title='bbox 1069 2649 1317 2693; x_wconf 88' lang='lat' dir='ltr'>procederent,</span> <span class='ocrx_word' id='word_1_380' title='bbox 1343 2661 1380 2683; x_wconf 81' lang='lat' dir='ltr'>se</span> <span class='ocrx_word' id='word_1_381' title='bbox 1406 2658 1598 2686; x_wconf 87' lang='lat' dir='ltr'>succentu-</span> 
     </span>
     <span class='ocr_line' id='line_1_44' title="bbox 141 2696 1598 2742; baseline -0.001 -10"><span class='ocrx_word' id='word_1_382' title='bbox 141 2699 271 2733; x_wconf 81' lang='lat' dir='ltr'>riatum</span> <span class='ocrx_word' id='word_1_383' title='bbox 300 2699 399 2740; x_wconf 85' lang='lat' dir='ltr'>fore;</span> <span class='ocrx_word' id='word_1_384' title='bbox 426 2703 461 2730; x_wconf 86' lang='lat' dir='ltr'>et</span> <span class='ocrx_word' id='word_1_385' title='bbox 486 2698 514 2730; x_wconf 85' lang='lat' dir='ltr'>si</span> <span class='ocrx_word' id='word_1_386' title='bbox 544 2697 631 2742; x_wconf 86' lang='lat' dir='ltr'>quid</span> <span class='ocrx_word' id='word_1_387' title='bbox 654 2698 894 2735; x_wconf 76' lang='lat' dir='ltr'>renuntiaret,</span> <span class='ocrx_word' id='word_1_388' title='bbox 915 2696 1088 2728; x_wconf 79' lang='lat' dir='ltr'>continuo</span> <span class='ocrx_word' id='word_1_389' title='bbox 1110 2696 1147 2728; x_wconf 86' lang='lat' dir='ltr'>in</span> <span class='ocrx_word' id='word_1_390' title='bbox 1175 2696 1302 2728; x_wconf 85' lang='lat' dir='ltr'>iisdem</span> <span class='ocrx_word' id='word_1_391' title='bbox 1325 2699 1484 2741; x_wconf 74' lang='lat' dir='ltr'>vestigiis</span> <span class='ocrx_word' id='word_1_392' title='bbox 1512 2700 1598 2732; x_wconf 88' lang='lat' dir='ltr'>sub-</span> 
     </span>
     <span class='ocr_line' id='line_1_45' title="bbox 142 2743 1599 2792; baseline 0 -12"><span class='ocrx_word' id='word_1_393' title='bbox 142 2752 359 2781; x_wconf 70' lang='lat' dir='ltr'>secuturum.</span> <span class='ocrx_word' id='word_1_394' title='bbox 410 2744 654 2777; x_wconf 80' lang='lat' dir='ltr'>Machumetes</span> <span class='ocrx_word' id='word_1_395' title='bbox 681 2744 864 2776; x_wconf 79' lang='lat' dir='ltr'>ianuarum</span> <span class='ocrx_word' id='word_1_396' title='bbox 890 2743 962 2776; x_wconf 73' lang='lat' dir='ltr'>dux</span> <span class='ocrx_word' id='word_1_397' title='bbox 993 2753 1072 2774; x_wconf 88' lang='lat' dir='ltr'>cum</span> <span class='ocrx_word' id='word_1_398' title='bbox 1098 2743 1262 2788; x_wconf 85' lang='lat' dir='ltr'>Europae</span> <span class='ocrx_word' id='word_1_399' title='bbox 1289 2745 1449 2778; x_wconf 82' lang='lat' dir='ltr'>exercitu</span> <span class='ocrx_word' id='word_1_400' title='bbox 1472 2747 1599 2792; x_wconf 85' lang='lat' dir='ltr'>profe-</span> 
     </span>
    </p>
   </div>
  </div>
 </body>
</html>
