1858 3210
468 183 540 221 DE
580 181 754 220 REBUS
792 178 1044 220 Tunclcis
1085 180 1132 219 L.
1160 180 1251 218 vn.
1469 166 1560 216 341

103 283 252 339 γμένον
299 281 370 322 ἐπὶ
405 278 639 330 Βυζάντιον
695 276 986 330 διαδεξόμενον
1029 276 1106 330 τὴν
1146 275 1286 330 ἀρχὴν
1325 274 1442 329 παρὰ
1488 276 1568 315 τοῦ

105 349 312 404 α’δελφοῦ.
379 347 453 387 καί
479 343 680 400 ἔπραττεν
711 338 834 392 οὗτος
879 341 932 384 τὰ
962 341 1068 398 πρὸς
1093 345 1272 396 βασιλέα
1298 339 1606 393 ἐναντιούμε-(Ζ

104 428 174 462 νος
201 414 261 470 τῷ
290 413 482 468 α’δελφῷ,
524 412 596 452 καί
639 407 816 464 ὕστερόν
843 424 886 450 τε
919 410 1124 464 ἐξηνέχθη
1168 410 1284 465 αὐτῷ
1326 409 1369 457 ἐς
1398 407 1569 463 εὕφανῆ

106 478 336 535 διαφοράν,
365 479 438 519 καί
462 475 737 530 ἐστρατεύετο
769 477 840 516 ἐπὶ
866 474 1107 525 Βυζαντίου
1138 477 1316 527 βασιλέα
1348 473 1572 527 Θεόδωρος

72 553 95 586 5
108 545 131 586 ὅ
155 544 361 600 Ιἀδελφός,
389 542 466 598 τήν
483 558 528 584 τε
547 544 787 598 Σηλυβρίαν
805 541 1159 594 ἐπιτετραμμένος
1176 543 1250 582 καί
1267 539 1339 595 τὴν
1363 540 1573 594 περίοικον

106 610 275 664 ταύτης.
317 609 565 662 αἰτούμενος
595 607 677 662 γὰρ
708 605 856 661 ἱκανήν
883 605 1090 660 πρόσοδον
1120 607 1238 663 αύτῷ
1267 609 1310 654 ἐς
1338 606 1384 647 τό
1415 607 1574 661 α’ποζῆν

107 677 183 719 ου’κ
221 676 475 730 ἐτύγχανεν,
505 670 607 716 ὅθεν
649 675 695 722 ἐς
732 670 921 726 πόλεμόν
946 689 989 714 τε
1031 672 1261 714 καθίστατο
1300 674 1356 730 τῷ
1400 673 1626 729 α’δελφῷν.
1645 678 1710 713 141

108 744 181 784 καί
207 741 490 794 ἐστρατεύετο.
567 737 745 793 ὕστερον
775 741 944 792 μέντοι,
974 738 1074 792 πρὶν
1101 734 1131 793 ἢ
1161 736 1305 780 ὁτιοῦν
1334 739 1574 794 διαπράξα-

108 813 213 851 σθαι
261 808 400 864 αὐτῷ,
437 805 676 861 ἐτελεύτησε
723 803 832 862 νόσῳ
874 803 1075 857 λοιμώδει
1117 805 1189 846 τόν
1228 807 1321 857 βίον
1342 804 1573 849 ἀπολιπών.

54 880 98 916 m
111 877 430 921 Κωνσταντΐνος
458 874 538 925 μὲν
570 872 621 927 δή
640 908 651 926 ,
688 871 709 912 ὅ
742 873 816 925 τῆς
848 871 1173 926 Πελοποννήσου
1201 871 1393 926 ἡγεμών,
1425 870 1501 925 τήν
1530 887 1576 913 τε

107 940 257 994 χώραν
287 940 364 980 τοῦ
391 940 600 992 βασιλέως
629 937 1039 993 καταστρεψάμενος,
1072 939 1237 979 Πίνὸον
1256 952 1302 978 τε
1332 939 1404 978 καί
1430 940 1575 979 Βοιω-

107 1005 200 1048 τίαν
229 1007 303 1046 καί
326 1004 424 1053 τοὺς
457 1003 654 1058 Λοκρούς
681 1002 779 1052 τούς
803 1002 974 1054 Ὀζόλας
1002 1006 1299 1056 καλουμένους,
1329 1003 1402 1045 καί
1425 1004 1501 1059 τήν
1533 1020 1576 1046 τε

106 1069 255 1126 χώραν
285 1070 414 1126 ἐδὴου
449 1073 523 1113 καί
547 1073 741 1122 πολεμῶν
773 1071 850 1111 ούκ
881 1071 1012 1125 α’νίει,
1058 1071 1147 1110 ἀλλ’
1178 1068 1250 1111 ἐπὶ
1276 1068 1354 1124 τὴν
1379 1069 1577 1125 Ἀττικὴν

111 1137 406 1192 ἐστρατεύετο,
431 1137 487 1185 ὥς
528 1139 600 1178 καί
629 1137 829 1191 πρότερόν
855 1151 930 1189 μοι
967 1134 1214 1190 δεδήλωται.
1272 1138 1462 1178 ἐνταῦθα
1496 1145 1619 1178 πυ-[)

55 1211 98 1244 15
111 1201 290 1256 θόμενος
323 1205 480 1245 ἕκαστα
511 1201 533 1243 ὅ
562 1202 765 1257 βασιλεὺς
793 1199 868 1243 οὐκ
898 1202 1111 1257 ἠνέσχετο,
1141 1201 1248 1244 ἄλλα
1267 1205 1578 1258 περιαγγέλλων

111 1269 186 1312 τὸν
213 1271 396 1324 στρατὸν
439 1269 556 1326 αὐτῷ
597 1274 796 1322 παρεῖναι
836 1272 879 1318 ἐς
923 1269 998 1317 τὰς
1036 1269 1207 1323 Φερροὲς
1246 1271 1320 1325 τῆς
1354 1285 1395 1310 τε
1433 1271 1578 1317 Ἀσίας

111 1337 186 1378 καί
212 1334 420 1390 Εὐρώπης
460 1334 686 1389 ἐξήλαυνεν
735 1334 815 1376 ἀπὸ
864 1334 1266 1388 Ἀδριανουπὸλεως.
1337 1336 1496 1390 ἀνέγνω
1541 1337 1578 1376 δ’

114 1400 244 1444 αύτὸν
283 1401 596 1457 στρατεύεσθαι
641 1402 712 1443 ἐπί
752 1399 1076 1455 Πελοπόννησον
1123 1401 1197 1443 καί
1242 1404 1382 1457 Νέρης
1426 1400 1448 1442 ὅ
1496 1403 1579 1443 τῶν

108 1468 303 1523 Ἀθηνῶν
330 1467 561 1521 τύραννος,
594 1469 674 1520 οὐχ
703 1464 855 1521 ἥκιστα
895 1469 940 1509 δὲ
979 1467 1258 1523 Τουραχάνης
1291 1466 1312 1508 ὁ
1347 1470 1580 1516 Θετταλίας

55 1531 318 1589 2>Οὕπαρχοςκ
392 1533 414 1575 ὅ
464 1536 601 1587 μέντοι
635 1536 955 1583 Κωνσταντῖνος
999 1532 1055 1582 αἷς
1085 1534 1265 1589 ἐτείχισε
1295 1534 1368 1577 τὸν
1386 1531 1577 1587 Ἰσθμόν,

113 1602 304 1641 ἐνταῦθα
333 1602 515 1655 ἐκάθητο
561 1598 756 1654 φυλακάς
785 1598 896 1653 ἔχων
923 1596 952 1656 ᾗ
987 1601 1239 1654 ἐγκαθιστὰς
1282 1603 1341 1650 εἰς
1369 1599 1441 1642 τὸν
1470 1601 1580 1641 Ἰσθ-

112 1663 207 1718 μόν,
237 1668 311 1707 καί
338 1665 460 1714 αὐτὸς
493 1662 631 1708 αὐτοῦ
657 1664 706 1706 τά
741 1666 873 1707 πολλὰ
907 1669 1134 1721 διατρίβων
1161 1665 1401 1721 ἐτύγχανεν.
1444 1665 1580 1708 ἐπείτε

115 1729 168 1786 δὴ
199 1730 382 1774 ἐπύθετο
414 1732 652 1787 Ἀμουράτη
681 1734 989 1787 στρατεύεσθαι
1023 1735 1089 1775 ἐπ’
1121 1732 1266 1790 αὐτόν,
1292 1736 1580 1787 μετεπέμπετο

207 1848 243 1881 5.
270 1849 481 1894 Συληβρίαν
507 1849 532 1882 Ρ
638 1849 691 1883 17.
719 1849 937 1896 α’νέγνωσεῗ
1031 1849 1089 1883 21.
1115 1847 1166 1893 ἢὶ)

116 1947 243 1981 dorum
269 1953 404 1988 coorta,
431 1948 494 1994 qui
524 1949 733 1992 Byzantium
758 1954 907 1982 venerat
934 1953 975 1981 ut
1002 1959 1150 1994 regnum
1178 1959 1197 1980 a
1219 1944 1334 1981 ‘fratre
1365 1948 1575 1993 susciperet.

114 1995 144 2028 is
168 2005 206 2028 se
231 2005 296 2040 pro
323 2005 403 2039 rege
431 1995 590 2038 gerebat,
617 1996 791 2041 fratrique
819 1996 1020 2028 resistebat.
1082 2001 1264 2039 postremo
1294 2007 1337 2029 ex
1367 2001 1492 2040 aperto
1517 1995 1579 2027 in-

114 2047 170 2075 ter
193 2052 230 2074 se
254 2041 405 2074 hostiles
434 2042 641 2076 inimicitias
666 2054 818 2086 gessere.
868 2054 949 2076 nam
977 2041 1246 2087 expeditionem
1275 2042 1427 2087 sumpsit
1451 2041 1580 2074 adver-

115 2100 175 2122 sus
196 2087 359 2132 Byzantii
395 2100 512 2134 regem
549 2089 762 2122 Theodorus
790 2090 900 2123 frater
917 2114 926 2130 ‚
957 2090 1014 2122 cui
1049 2089 1212 2133 Selybria
1239 2095 1275 2122 et
1300 2090 1397 2134 regio
1424 2089 1577 2121 finitima

114 2137 300 2169 commissa
327 2141 415 2168 erat.
465 2147 546 2170 cum
572 2137 668 2169 enim
697 2143 839 2182 peteret
867 2135 1003 2169 reditus
1040 2136 1282 2178 sufficientes,
1308 2137 1438 2182 quibus
1467 2137 1578 2168 vitam

114 2193 215 2216 suam
240 2182 426 2216 commode
465 2184 642 2217 sustinere
676 2189 816 2228 posset,
844 2184 1021 2228 repulsam
1061 2195 1186 2229 passus
1213 2190 1277 2217 est.
1326 2184 1410 2216 hinc
1438 2182 1578 2215 bellum

113 2230 208 2263 inter
241 2231 357 2275 ipsum
395 2236 432 2263 et
461 2232 607 2264 fratrem
645 2236 700 2264 est
724 2237 899 2264 exortum.
957 2231 1056 2276 prius
1092 2237 1211 2264 tamen
1248 2241 1355 2276 quam
1384 2230 1578 2275 quicquam

113 2276 288 2310 bellando
315 2277 540 2322 profecisset,
564 2279 674 2311 vitam
699 2289 796 2311 suam
816 2290 1064 2311 aerumnosam
1091 2279 1301 2323 relinquens
1321 2283 1481 2310 mortuus
1512 2282 1578 2317 est,

116 2323 208 2356 duce
245 2324 390 2358 interim
426 2325 665 2370 Peloponnesi
703 2325 961 2359 incursionem‘
987 2326 1143 2358 faciente
1178 2326 1215 2357 in
1257 2325 1438 2368 regionem
1474 2324 1580 2367 regis,

117 2381 276 2416 suaeque
299 2371 432 2405 dicioni
462 2372 614 2405 Pindum
651 2373 832 2406 Boeotiam
863 2375 1017 2414 Locros,
1046 2373 1107 2418 qui
1141 2372 1275 2405 Ozolae
1302 2372 1471 2404 dicuntur
1495 2371 1582 2403 iun-

115 2422 243 2462 gente‚
270 2429 389 2464 neque
415 2419 461 2452 ab
493 2420 608 2452 Attica
635 2421 742 2452 etiam
770 2421 990 2453 abstinente.
1052 2431 1092 2452 ea
1122 2419 1183 2452 ubi
1211 2419 1353 2463 accepit
1381 2419 1581 2457 Amurates,

115 2463 215 2497 haud
241 2463 378 2498 diutius
416 2466 655 2500 cunctandum
693 2467 765 2500 sibi
805 2473 900 2500 ratus
934 2467 1122 2513 praecepit
1159 2471 1200 2499 ut
1226 2467 1378 2499 Asianus
1405 2470 1442 2498 et
1466 2465 1581 2497 Euro-

115 2522 228 2557 paeus
255 2513 432 2546 exercitus
459 2513 504 2546 ad
531 2525 568 2547 se
595 2514 755 2554 pum-ras,
784 2515 910 2548 relicta
947 2514 1197 2559 Adrianopoli,
1222 2514 1399 2546 venirent.
1450 2512 1583 2544 incita-

115 2559 169 2592 vit
191 2563 312 2592 autem
343 2570 423 2592 eum
436 2559 566 2594 Nerius
595 2560 816 2594 Athenarum
841 2563 1022 2607 princeps,
1040 2572 1183 2594 necnon
1205 2558 1436 2594 Turachanes
1465 2558 1583 2592 Thes·

115 2605 226 2638 saliae
251 2605 466 2651 praefectus,
493 2612 534 2641 ut
559 2608 754 2642 exercitum
778 2615 876 2642 recta
902 2608 947 2640 ad
969 2609 1257 2652 Peloponnesum
1282 2606 1457 2639 ductaret.
1488 2605 1583 2639 Con-

114 2653 294 2686 stantinus
322 2652 498 2687 Isthmum
522 2666 621 2688 muro
649 2655 840 2689 includens
857 2681 866 2696 ‚
893 2655 1047 2688 eundem
1088 2655 1196 2687 etiam
1224 2653 1411 2699 praesidiis
1442 2653 1583 2686 emuni-

116 2710 191 2739 ens,
214 2700 428 2746 plerumque
466 2701 514 2733 ibi
553 2702 771 2735 versabatur.
833 2702 895 2735 ubi
936 2701 1124 2735 intellexit
1160 2702 1363 2734 Amuratem
1402 2700 1584 2734 hostiliter

115 2757 196 2791 cum
224 2749 383 2781 exercitu
412 2747 594 2790 accedere,
621 2760 744 2783 omnes
771 2754 957 2795 quotquot
989 2751 1026 2782 in
1055 2748 1309 2793 Peloponneso
1333 2753 1436 2782 erant
1463 2758 1582 2781 accer-
