1774 3204
244 2283 252 2286 —
289 2274 351 2294 nos
380 2262 427 2293 ib.
450 2262 504 2293 22.

237 186 330 230 580

281 300 362 320 num
379 289 414 320 in
431 288 550 319 ianuas
566 287 698 330 recepit
712 285 848 324 249‚l2.
864 286 915 319 14.

277 335 465 366 exercitum
483 334 579 365 misit
593 338 711 364 contra
726 333 918 364 Arianitem

279 381 340 424 qui
365 381 486 411 ianuas
518 380 595 419 fuga
617 380 807 422 reliquerat
834 379 913 418 250,

277 426 310 458 6.
360 431 479 456 contra
506 425 660 456 Albanos
688 425 766 462 252,
794 424 852 457 20.
882 425 918 456 in

277 470 532 502 Pannodaciam
571 470 651 509 253,
685 468 718 500 4.
759 468 836 509 254,
865 470 917 502 15.

278 517 433 549 triremes
468 517 562 548 misit
598 517 633 547 in
659 515 826 548 Colchida
852 516 918 547 im-

279 563 486 606 periumque
509 562 808 606 'I'rapezuntinum
837 561 916 600 260,

282 607 333 640 19.
360 608 547 639 amicitiam
567 609 645 639 iniit
670 618 747 639 cum
763 607 915 639 lanuen-

277 654 373 686 sibus
398 653 479 693 261,
499 654 528 686 7.
603 653 844 685 'l‘uraclianem
879 654 916 684 in

280 700 560 743 Peloponnesum
579 700 672 731 misit
686 698 765 738 283,
779 700 810 731 2.
837 710 912 730 cum

278 747 409 777 loaune
441 745 495 777 VI.
530 746 683 787 Byzantii
726 756 804 787 rege
839 746 914 776 foe-

277 791 357 823 dera
386 792 465 822 iniit
479 790 557 830 307,
576 791 627 823 10.
677 801 694 821 a
714 791 912 822 pannonum

277 847 354 880 rege
392 837 593 875 Vladislao,
626 838 746 876 Dacis,
774 836 913 869 Tribal-

277 883 320 915 lis
347 884 448 915 armis
488 883 669 914 lacessitus
708 888 759 914 est
784 882 828 914 ib.
861 882 912 914 12,

274 940 351 960 cum
374 929 554 961 Vladislao
580 934 618 960 et
643 929 796 971 Georgio
831 928 914 960 Tri-

275 975 449 1007 ballorum
490 985 566 1016 rege
619 970 743 1006 foedus
781 974 916 1018 pepigit

275 1020 355 1060 317,
379 1024 409 1055 7.
459 1020 591 1052 bellum
619 1032 722 1051 omne
749 1021 783 1052 in
810 1021 913 1051 Cara-

277 1078 416 1098 manum
441 1068 547 1098 vertit
563 1068 709 1109 eiusque
736 1066 913 1108 regionem

278 1114 402 1145 iterum
440 1119 628 1144 evastatam
661 1113 798 1154 subegit
836 1111 914 1150 283,

280 1159 308 1189 1.
326 1158 406 1198 318,
422 1159 453 1192 7.
471 1158 550 1197 326,
565 1158 619 1191 20.
647 1158 788 1190 Nerium
806 1157 917 1190 Athe-

277 1216 396 1236 narum
422 1205 616 1248 principem
644 1205 710 1235 sibi
742 1205 826 1236 fecit
854 1205 915 1235 tri-

276 1251 451 1282 butarium
477 1250 556 1287 320,
594 1250 645 1282 10.
702 1250 743 1281 nd
778 1251 915 1281 Helles-

278 1302 422 1340 pontum
461 1296 504 1327 ah
543 1297 710 1328 Italorum
751 1301 785 1328 et
811 1296 915 1328 Occi-

275 1342 468 1374 dentalium
513 1343 659 1374 navibus
709 1349 915 1385 occupatum

276 1389 389 1432 pergit
412 1388 493 1427 327,
512 1388 545 1420 6.
594 1389 630 1420 iu
648 1389 819 1430 Europam
846 1394 916 1420 tra-

279 1435 362 1466 iecit
384 1434 463 1473 328,
491 1434 513 1466 3
590 1440 708 1466 contra
739 1436 916 1466 pannones

275 1481 383 1512 aciem
422 1480 587 1512 instruxit
612 1480 690 1520 330,
721 1480 772 1513 10.
835 1481 916 1525 qui-

275 1527 342 1558 bus
381 1527 517 1570 proelio
560 1527 732 1559 Van-nemi
769 1526 916 1558 devictis

277 1572 419 1605 donunn
447 1583 601 1605 reversus
620 1572 805 1610 est337,1.
835 1572 915 1610 339,

280 1619 333 1651 15.
399 1629 475 1650 cum
518 1619 729 1650 Graecorum
768 1629 847 1660 rege
881 1619 916 1650 in

279 1663 403 1697 foedus
428 1664 534 1696 rediit
561 1663 640 1703 340,
669 1664 719 1695 18.
781 1664 917 1696 exerci-

278 1716 353 1742 tum
365 1710 465 1742 duxit
482 1711 517 1742 in
530 1710 808 1753 Peloponnesum
823 1720 920 1742 eam-

280 1767 349 1799 que
387 1756 454 1787 sibi
499 1755 652 1788 reddidit
700 1757 918 1788 tributariam

279 1802 358 1840 341,
388 1802 439 1833 15.
463 1800 542 1841 349,
572 1802 624 1834 16.
674 1801 790 1834 lbanis
810 1803 919 1833 filium

283 1848 493 1880 Scenderem
521 1847 663 1880 adortus
690 1853 742 1879 est
769 1848 856 1885 350,
886 1848 919 1879 5,

283 1894 464 1938 Sphetiam
483 1893 600 1925 urbem
617 1894 921 1937 expugnavit351,

286 1943 316 1971 1.
346 1941 377 1972 5.
428 1940 566 1972 (jc-tiam
594 1941 630 1972 in
657 1940 832 1971 dicionem
864 1951 922 1971 re-

285 1986 380 2029 degit
409 1986 454 2017 ib.
473 1985 504 2018 6.
557 1986 678 2017 Cruam
705 1986 845 2018 obsedit
874 1986 921 2018 ib.

283 2033 317 2065 8.
389 2032 500 2063 filium
541 2031 770 2064 Meclimetem
818 2043 923 2075 regno

287 2078 457 2122 praefecit
480 2078 526 2109 ib.
547 2078 597 2110 16.
621 2089 686 2110 nec
709 2079 818 2110 multo
846 2083 925 2122 post

285 2126 468 2156 wluntate
493 2130 624 2156 mutata
655 2123 697 2155 ad
727 2126 820 2166 regni
849 2135 924 2155 mo-

287 2171 452 2202 deramen
477 2170 581 2202 rediit
607 2169 688 2209 353,
713 2169 746 2202 9.
799 2171 924 2202 iterum

289 2217 433 2247 adortus
453 2221 505 2248 est
532 2216 742 2248 Scenderem
770 2216 926 2247 etAlba-

556 2264 687 2294 interea
716 2274 731 2293 a
753 2262 926 2294 Pannoni-

290 2310 355 2340 bus
384 2309 486 2340 armis
508 2314 663 2340 tentatus
692 2313 743 2340 est
767 2307 846 2346 355,
873 2307 924 2339 10.

290 2357 457 2387 loannem
494 2353 696 2396 llunyndem
724 2355 759 2386 in
788 2353 925 2386 Cosobo

291 2412 411 2444 campo
439 2400 567 2432 devicit
581 2399 659 2439 368,
679 2398 713 2432 6.
764 2400 925 2442 Byzantio

290 2447 422 2478 bellum
444 2447 566 2478 intulit
582 2444 661 2485 373,
680 2445 731 2478 16.
782 2451 927 2478 mortem

291 2493 384 2525 obiit
411 2492 490 2529 375.
525 2492 558 2524 3.
626 2494 781 2534 regnavit
818 2502 927 2524 annos

293 2539 435 2581 triginta
465 2538 552 2570 duos
592 2538 636 2570 ib.
663 2539 694 2570 5.
770 2538 928 2582 Spende-

294 2596 348 2616 rae
376 2585 480 2616 [iliam
509 2595 648 2616 uxorem
671 2584 794 2616 imbuit
822 2583 868 2615 ib.
896 2584 927 2616 7.

293 2631 368 2662 eius
406 2631 468 2662 iiiii
495 2630 574 2668 351,
609 2630 659 2663 16.
684 2629 764 2669 352,
792 2630 824 2666 7.
850 2629 930 2669 376,

245 2722 410 2754 Aladines
438 2723 612 2754 Amul-atis
638 2723 680 2754 11.
726 2722 817 2754 iilius
848 2727 931 2754 natu

871 190 1032 228 INDEX

1031 287 1198 365 p17naximus
1227 292 1372 320 mortem
1397 288 1564 322 occubuit
1582 289 1664 330 352,

983 356 1198 412 Mechmetes
1244 379 1285 410 11.
1334 379 1377 411 ab
1415 381 1578 412 Amurate
1622 381 1664 412 n.

1031 431 1128 468 patre
1156 435 1259 467 regno
1280 426 1476 468 praefectus
1501 425 1582 465 351,
1611 425 1664 458 16.

1029 481 1094 502 nec
1106 470 1219 502 multo
1233 477 1310 514 post
1329 473 1417 514 patri
1435 482 1540 514 reguo
1561 472 1666 504 cessit

1027 516 1105 555 352,
1133 515 1185 548 16.
1236 522 1332 559 patre
1349 523 1486 550 mortuo
1516 527 1573 549 rex
1602 517 1665 549 de-

1029 563 1179 594 claratus
1213 568 1267 594 est
1287 561 1368 601 375,
1397 564 1447 596 15.
1507 564 1664 606 peregri-

1027 619 1150 639 norum
1179 609 1374 640 coniuratio
1400 614 1520 642 exorta
1547 614 1599 641 est
1617 609 1664 640 ib.

1030 653 1082 686 16.
1135 653 1275 685 foedera
1294 655 1429 698 pepigit
1447 666 1524 687 cum
1551 655 1666 686 Grae-

1029 700 1074 731 cis
1101 705 1136 732 et
1159 700 1328 731 Triballis
1345 699 1424 739 376,
1449 701 1480 738 5,
1509 701 1563 734 17.
1590 701 1661 732 fra-

1027 750 1112 778 trem
1124 747 1302 778 interemit
1318 745 1365 778 ib.
1382 746 1433 779 10.
1483 746 1663 779 Cur-'imani

1028 792 1202 834 regionem
1229 792 1396 824 evastavit
1419 792 1500 832 377,
1526 791 1558 825 6.
1593 793 1663 824 De-

1027 839 1189 868 metrium
1212 838 1446 880 Peloponnesi
1473 838 1664 882 principem

1027 889 1146 914 contra
1171 883 1340 914 'l'homam
1367 884 1507 916 fratrem
1534 883 1666 916 adiuvit

1026 927 1104 966 378,
1117 929 1149 961 6.
1176 929 1294 961 urbem
1309 930 1566 973 Laimocopiam
1577 928 1663 961 con-

1028 973 1120 1006 didit
1146 973 1230 1014 380,
1257 975 1289 1007 3.
1339 987 1415 1007 cum
1435 977 1606 1018 Byzantiis
1630 980 1667 1007 et

1029 1020 1240 1052 Graecorum
1279 1022 1368 1063 regis
1419 1021 1583 1054 fratribus
1628 1021 1666 1053 in

1029 1066 1271 1110 Peloponneso
1299 1066 1431 1099 bellum
1457 1067 1562 1109 gessit
1585 1066 1664 1106 381,

1033 1111 1084 1144 10.
1114 1111 1194 1150 382,
1232 1112 1264 1144 8.
1330 1114 1529 1154 Byzantium
1557 1123 1667 1156 expu-

1029 1159 1148 1200 gnavit
1174 1157 1254 1197 382,
1278 1158 1310 1189 8.
1335 1157 1415 1197 394,
1447 1158 1500 1191 14.
1550 1159 1667 1198 Peram

1029 1204 1064 1235 in
1078 1203 1250 1235 dicionem
1268 1203 1402 1247 redegit
1414 1203 1495 1244 400,
1513 1204 1565 1238 18.
1593 1205 1666 1236 No-

1030 1255 1134 1281 taram
1161 1262 1235 1282 cum
1263 1251 1345 1283 filiis
1370 1252 1448 1283 neci
1474 1250 1572 1284 dedit
1586 1249 1667 1289 402,

1032 1295 1083 1327 16.
1133 1307 1208 1327 cum
1246 1296 1550 1340 Peloponnesiacis
1588 1297 1666 1328 foe-

1026 1336 1112 1373 'dera
1138 1343 1218 1374 iniit
1241 1341 1392 1382 406,15.
1442 1343 1666 1387 Peloponne-

1033 1388 1133 1420 siacis
1170 1394 1288 1421 contra
1320 1389 1474 1421 Albanos
1499 1389 1666 1420 auxilium

1030 1434 1126 1465 misit
1151 1432 1229 1473 409,
1258 1434 1309 1466 13.
1369 1434 1557 1467 secundam
1582 1445 1663 1467 con-

1030 1486 1080 1512 tra
1095 1480 1271 1512 'l'riballos
1297 1487 1331 1513 et
1346 1481 1592 1525 Novopyrgum
1606 1491 1665 1512 ur·-

1029 1525 1109 1557 bem
1130 1525 1214 1558 fecit
1240 1526 1502 1570 expeditionem
1517 1525 1597 1567 414,
1613 1525 1667 1558 12.

1029 1571 1238 1604 bombardas
1275 1578 1406 1605 erectas
1445 1585 1472 1606 s.
1500 1573 1666 1605 mortaria

1030 1619 1166 1649 invenit
1188 1619 1232 1649 ib.
1255 1618 1308 1651 20.
1372 1619 1578 1661 Belgradum
1605 1629 1667 1651 oc-

1031 1665 1173 1707 cupavit
1195 1663 1276 1702 416,
1316 1664 1367 1697 10.
1391 1663 1471 1704 417,
1499 1664 1531 1696 3.
1607 1676 1667 1696 cu·

1032 1711 1166 1754 piarum
1199 1715 1332 1752 partem
1372 1716 1492 1743 contra
1530 1711 1669 1752 lllyrios

1032 1756 1126 1787 misit
1138 1754 1217 1794 416,
1231 1756 1281 1787 11,
1330 1762 1449 1788 contra
1465 1755 1669 1788 Colchidem

1034 1802 1225 1834 exercitum
1243 1803 1339 1834 misit
1356 1803 1404 1834 ib.
1432 1799 1484 1834 14.
1508 1801 1587 1841 466,
1615 1801 1668 1834 18.

1032 1847 1287 1890 Trapezuntem
1303 1849 1523 1880 tributariam
1537 1848 1672 1891 accepit

1033 1893 1148 1931 467‚3.
1175 1892 1219 1925 de
1237 1894 1394 1935 Belgradi
1407 1894 1592 1926 obsidione
1606 1892 1672 1926 de-

1035 1940 1126 1971 stitit
1139 1937 1418 1980 421,13.423,13.
1431 1946 1552 1972 contra
1563 1940 1671 1972 Scen-

1035 1985 1151 2017 derem
1170 1986 1361 2018 exercitum
1373 1987 1467 2018 misit
1478 1985 1558 2026 432,
1568 1986 1600 2019 5.
1630 1986 1672 2017 fi-

1035 2032 1160 2062 liorum
1173 2032 1471 2064 circumcisionem
1483 2031 1674 2064 celebravit

1034 2076 1113 2114 434,
1133 2077 1183 2109 10.
1216 2078 1519 2121 Peloponnesiacis
1531 2079 1671 2119 interna

1037 2123 1207 2155 discordia
1228 2125 1355 2155 attritis
1371 2125 1513 2156 tertium
1539 2123 1673 2156 remisit

1038 2169 1206 2201 tributum
1220 2169 1298 2208 442,
1315 2169 1346 2201 7.
1397 2171 1503 2214 paulo
1526 2175 1608 2214 post
1629 2169 1672 2201 iis

1039 2226 1132 2247 arma
1160 2215 1280 2247 intulit
1296 2213 1375 2255 443,
1402 2216 1430 2247 1.
1452 2214 1505 2247 14.
1556 2217 1592 2247 in
1608 2216 1673 2247 At-

1039 2262 1140 2293 ticam
1167 2267 1203 2292 et
1228 2261 1380 2293 Athenas
1417 2262 1593 2306 profectus
1621 2265 1675 2292 est

1037 2306 1118 2346 452,
1146 2307 1201 2339 17:
1254 2307 1288 2338 in
1317 2308 1524 2351 Scopiorum
1551 2307 1673 2340 urbem

1037 2351 1117 2391 456,
1142 2353 1197 2385 21.
1249 2353 1419 2385 'rhomam
1438 2353 1674 2398 Peloponnesi

1039 2399 1233 2442 principem
1269 2398 1463 2432 debellavit
1498 2399 1585 2439 455,
1615 2398 1673 2431 21·

1038 2444 1119 2485 458,
1149 2444 1200 2475 14.
1249 2445 1426 2478 Triballos
1452 2445 1594 2478 adortus
1622 2449 1676 2477 est

1039 2490 1118 2530 459,
1148 2491 1180 2522 Γ).
1233 2492 1424 2523 Amastrum
1451 2492 1675 2524 Ianuensium

1043 2539 1160 2568 urbem
1193 2548 1275 2569 suae
1308 2537 1460 2570 dicionis
1485 2538 1569 2570 fecit
1593 2536 1673 2575 461,

1041 2583 1074 2615 2.
1102 2584 1225 2615 ismael
1250 2584 1446 2623 praefectus
1477 2584 1589 2626 regius
1605 2582 1674 2614 lm-

1042 2629 1142 2660 brum
1173 2635 1208 2661 et
1251 2629 1416 2661 Lemnum
1458 2632 1676 2673 recuperavit

1042 2674 1122 2714 469,
1142 2675 1197 2707 23.
1247 2677 1399 2718 Zaganus
1427 2675 1674 2708 Samothracen

1044 2727 1081 2754 et
1105 2721 1258 2754 Thasum
1288 2722 1324 2754 in
1351 2721 1526 2755 dicionem
1543 2719 1678 2764 redegit
