1884 3178
467 211 538 249 DE
583 211 754 250 REBUS
795 208 1051 250 TURClClS
1091 211 1138 248 L.
1169 211 1241 248 111.
1472 203 1564 248 133

98 309 219 352 λαιόν
251 309 520 367 ᾠκισμένους,
551 308 624 350 καί
644 306 835 357 Ῥοδίους
864 310 910 350 δὲ
938 307 1043 361 πρὸς
1072 308 1172 357 τούς
1205 310 1249 349 ἐν
1278 308 1328 363 τῇ
1357 304 1562 363 Αἰγύπτῳ

98 392 143 418 τε
177 378 251 418 καί
279 377 548 432 Παλαιστίνῃ
583 374 652 416 διὰ
688 373 760 415 τὸν
801 375 877 416 τοῦ
905 375 1038 429 Ἰησοῦ
1066 374 1202 430 τάφον
1235 373 1440 427 καὶπρὸς
1467 371 1566 421 τούς

99 443 145 485 ἐν
173 445 228 500 τῇ
247 441 370 498 Ἀσίᾳ
398 441 658 497 βαρβάρους.

237 510 472 563 Προυσίων
513 509 560 549 δὲ
597 505 765 560 ἔχονται
794 507 1021 561 Σαμῶται,
1063 508 1180 559 γένος
1224 502 1400 559 ὅλκιμόν
1424 521 1467 547 τε
1495 507 1569 547 καί

66 570 249 622 5οὗδενὶ
276 575 361 616 τῶν
390 571 613 625 περιοίκων
644 570 907 628 ὁμοδίαιτον,
939 573 1039 614 ου’δὲ
1068 572 1346 626 ὁμόγλωσσον.
1403 571 1564 624 νομίζει

99 642 147 683 δὲ
177 641 302 682 τοῦτο
339 638 386 682 τὸ
417 642 532 694 γένος
560 637 688 688 θεοὺς
726 637 919 681 Ἀπόλλω
949 655 994 680 τε
1029 640 1101 680 καί
1131 635 1365 692 ’Ἄρτεμιν-
1425 643 1563 697 διαίτῃ

97 709 146 749 δὲ
176 709 366 762 χρῶνται
392 708 443 764 τῇ
470 705 598 747 πάλαι
623 705 840 762 Ἑλληνικῇ
864 707 936 746 καί
954 701 1094 760 ἤθεσι,
1122 707 1254 762 σκευῇ
1269 707 1316 747 δὲ
1347 708 1398 763 τῇ
1411 710 1564 762 Πρου-

97 774 200 817 σίων
230 775 516 829 παραπλησίᾳ.

214 836 384 881 Τούτων
418 840 466 880 δὲ
496 836 666 892 ἔχονται
695 839 875 891 Βοέμοι,
906 841 958 895 τῇ
987 841 1043 879 τέ
1063 839 1282 890 Σαμωτῶν
1311 837 1409 895 δόξῃ
1440 841 1562 881 τιθέ-

43 914 215 959 Ῑθμενοι
245 907 319 946 καί
343 906 397 961 τῇ
426 906 510 946 ταῖν
538 905 770 959 Γερμανῶν
811 903 851 946 οἱ
881 907 925 946 ἐν
953 905 1005 961 τῇ
1037 902 1157 962 χώρᾳ
1187 905 1322 961 ταύτῃ
1353 907 1559 948 ἐνοικοῦν-
1579 916 1605 947 D

96 987 180 1023 τες,
211 973 342 1029 σκευῇ
368 971 419 1028 τῇ
446 973 528 1012 τῶν
550 970 753 1012 Παιόνων
780 970 1054 1028 παραπλησίᾳ
1083 973 1396 1024 ἐσκευασμένοι.
1429 970 1561 1014 ἔνεστι

45 1042 58 1048 “
97 1040 144 1080 δὲ
173 1037 318 1087 adron,-
347 1035 618 1092 μητρόπολις,
645 1038 765 1086 πόλις
795 1038 1014 1089 εὐδαίμων
1041 1052 1086 1078 τε
1111 1038 1186 1078 καί
1212 1036 1560 1092 πολυάνθρωπος,

96 1104 249 1159 Βράγα
277 1103 438 1146 οὖτωσί
461 1104 711 1158 καλουμένη,
739 1105 813 1144 καὶ
838 1102 991 1144 πολλοὶ
1014 1105 1088 1157 τῆς
1132 1102 1294 1152 πόλεως
1324 1104 1482 1158 ταύτης
1511 1107 1564 1146 ου’

95 1168 226 1220 πολὺς
262 1169 416 1224 χρόνος
456 1172 549 1211 ἐπεί
584 1169 822 1212 ἐπαύσαντο
865 1171 924 1226 τῷ
962 1172 1068 1224 πυρὶ
1103 1172 1176 1210 καί
1212 1171 1271 1227 τῷ
1313 1170 1417 1227 ἡλίῳ
1447 1174 1561 1226 θρη-

40 1234 280 1290 Ῑὸσκεύειν,
312 1236 441 1288 μόνον
482 1238 529 1277 δὲ
557 1234 680 1284 ἔθνος
711 1237 832 1277 τοῦτο
869 1238 951 1277 τῶν
978 1237 1022 1277 ἐν
1050 1239 1102 1293 τῇ
1131 1236 1316 1293 Εὐρώπῃ
1347 1235 1463 1286 ἐκτός
1491 1254 1560 1292 γε-

93 1298 268 1354 νόμενον
299 1307 391 1350 ταῖς
434 1303 716 1356 έγνωσμέναις
759 1301 861 1355 ἡμῖν
901 1304 946 1343 ἑν
988 1304 1047 1358 τῷ
1085 1302 1261 1355 παρόντι
1299 1306 1561 1357 θρησκείαις,

92 1362 166 1423 τῆς
193 1382 240 1409 τε
266 1369 342 1410 τοῦ
365 1367 505 1423 Ἰησοῦ
536 1369 650 1423 φημί
674 1369 749 1408 καί
775 1371 847 1422 τῆς
875 1370 952 1409 τοῦ
983 1370 1229 1421 ΙΙΙεχμέτεω
1257 1369 1332 1410 καί
1348 1373 1559 1419 Μωσέως·

91 1433 250 1482 ταύτας
275 1432 354 1489 γάρ
384 1448 450 1475 τοι
480 1434 633 1487 σχεδόν
662 1450 701 1476 τι
732 1431 855 1485 ἴσμεν
895 1435 1161 1487 διακατέχειν
1189 1433 1264 1489 τήν
1289 1450 1335 1476 τε
1363 1432 1559 1490 ἄγνωμο-

91 1499 223 1553 σύνην
246 1498 305 1548 ὥς
332 1498 386 1541 τὰ
415 1497 547 1541 πολλὰ
577 1498 678 1553 ἡμῖν
705 1501 964 1554 οἰκουμένην.
1032 1498 1122 1541 ἔστι
1151 1502 1304 1555 μέντοι,
1333 1496 1362 1558 ᾗ
1395 1504 1558 1545 πυνθά-

32 1576 78 1611 20
91 1581 228 1618 νομαι,
259 1567 335 1607 καί
362 1564 416 1607 τοὶ
445 1565 550 1621 ὑπὲρ
582 1564 658 1619 τὴν
690 1568 893 1607 Κασπίαν
921 1564 1144 1608 θάλασσαν
1172 1569 1246 1609 καί
1267 1566 1367 1616 τους
1396 1571 1555 1611 Μασα-
1570 1581 1613 1614 V.
1629 1581 1675 1615 56

47 1674 50 1677 ,
87 1633 212 1685 γε’τας
257 1629 380 1681 ἔθνος
418 1630 590 1674 Ἰνδικόν
633 1633 676 1681 ἐς
706 1631 862 1687 ταύτην
903 1634 1188 1687 τετραμμένον
1220 1632 1298 1689 την
1327 1635 1560 1691 θρησκείαν
1574 1644 1669 1677 Ρ.71

88 1698 162 1739 τοῧ
188 1694 459 1747 Ἀπόλλωνος.
525 1700 687 1751 νομίζει
729 1699 775 1740 δὲ
821 1700 952 1741 έκεῖνο
1001 1698 1047 1741 τό
1090 1702 1206 1753 γένος
1233 1701 1305 1743 καί
1334 1701 1463 1751 θεοὺς
1495 1702 1559 1744 ἔτι

90 1759 272 1816 ἄλλους,
299 1764 386 1807 Δία
418 1779 461 1806 τε
489 1763 564 1806 καί
591 1762 758 1818 ‘'Hpav,
804 1763 862 1813 ὥς
894 1763 1040 1821 προϊόν
1069 1784 1109 1809 τι
1149 1768 1296 1823 πρόσω
1325 1771 1402 1810 τοῦ
1430 1768 1556 1824 λόγου

91 1827 395 1884 δηλωθήσεται.

186 1902 239 1937 15.
266 1897 339 1946 θὴς·

138 1946 151 1960 Ι

91 1966 315 2008 Palaestinis,
341 1971 492 2012 propter
516 1968 598 2001 Iesu
622 1970 850 2014 sepulcrum;
880 1970 989 2003 etiam
1023 1975 1062 2003 ut
1087 1969 1268 2005 obsistant
1291 1970 1397 2005 Asiae
1422 1972 1554 2005 barba-

92 2013 151 2054 ris,
173 2012 289 2047 Rhodi
313 2018 466 2047 aetatem
490 2021 614 2058 agunt.

182 2061 341 2094 Prussios
367 2061 550 2105 attingunt
570 2063 794 2108 Samogetae‚
823 2075 908 2108 gens
928 2064 1089 2105 robusta,
1112 2066 1228 2099 victus
1256 2067 1392 2100 ratione
1421 2071 1458 2098 et
1484 2067 1553 2099 lin-

91 2118 159 2151 gua
187 2108 280 2140 nulli
308 2108 538 2142 finitimarum
564 2111 702 2143 similis.
732 2111 820 2144 deos
846 2117 1062 2145 venerantur
1093 2114 1295 2158 Apollinem
1323 2119 1361 2147 et
1390 2114 1551 2146 Dianam.

90 2155 204 2188 victus
228 2155 404 2188 rationem
437 2163 639 2202 sequuntur
678 2170 785 2204 quam
823 2159 951 2191 Graeci
976 2161 1109 2192 vetusti
1146 2166 1317 2202 tenuere3
1346 2160 1489 2193 eosdem
1517 2167 1553 2194 et

89 2201 249 2235 moribus
274 2209 557 2247 repraesentant.
609 2206 874 2250 suppellectilis
903 2211 1075 2251 apparatu
1099 2207 1286 2240 imitantur
1314 2208 1479 2240 Prussios.

177 2249 226 2282 lis
249 2249 408 2283 confines
435 2256 520 2284 sunt
543 2252 685 2293 Boemi,
713 2258 906 2298 sequentes
947 2255 1242 2298 superstitionem
1271 2256 1552 2298 Samogetarum‚

89 2305 233 2328 necnon
259 2296 519 2331 Germanorum
558 2301 620 2344 qui
654 2299 707 2332 ibi
741 2301 876 2333 colunt.
939 2301 1204 2345 suppellectilis
1245 2308 1418 2346 apparatu
1446 2301 1551 2334 ·nihi1

89 2341 261 2376 differunt
293 2354 314 2376 a
339 2344 544 2378 Pannoniis.
602 2348 831 2391 metropolim
861 2358 902 2379 ea
936 2358 1021 2391 gens
1048 2348 1158 2382 habet
1184 2350 1391 2394 opulentam
1418 2354 1454 2381 et
1482 2359 1553 2393 po-

90 2389 273 2433 pulosam,
308 2402 414 2436 quam
441 2392 586 2436 Pragam
623 2395 822 2439 appellant.
872 2405 939 2427 nec
974 2395 1127 2428 multum
1153 2397 1322 2441 temporis
1347 2396 1552 2428 intercessit

91 2446 135 2468 ex
165 2448 237 2482 quo
264 2447 307 2470 ea
334 2438 416 2472 urbs
442 2441 595 2474 cessavit
621 2442 740 2474 colere
767 2443 886 2485 ignem
913 2447 950 2475 et
975 2443 1099 2475 solem.
1161 2444 1237 2476 sola
1263 2443 1352 2476 haec
1382 2453 1467 2486 gens
1493 2454 1551 2474 ea-

91 2494 168 2516 rum
206 2495 300 2528 quae
337 2486 430 2519 intra
458 2492 631 2533 extraque
667 2489 845 2534 Europam
873 2495 977 2530 sunt,
1010 2501 1098 2535 quas
1123 2491 1302 2530 novimus,
1327 2488 1552 2523 adhaerescit

89 2531 169 2563 lesu
197 2531 309 2564 Mosis
332 2531 616 2579 Mechmetisque
642 2536 819 2579 religioni.
849 2548 928 2569 nam
959 2548 1081 2570 omnes
1108 2536 1169 2569 lias
1196 2537 1400 2581 religiones,
1427 2548 1552 2582 quam-

89 2577 141 2610 vis
175 2589 240 2611 nos
286 2578 323 2611 in
358 2580 580 2622 ignorantiae
615 2583 772 2616 tenebris
810 2584 1024 2628 plerumque
1049 2595 1253 2623 versemur,
1303 2589 1420 2616 entem
1446 2583 1550 2616 istam

91 2630 216 2658 tenere
241 2632 462 2671 compertum
502 2633 566 2661 est.
618 2635 674 2663 est
701 2629 860 2676 quidem,
887 2630 1188 2676 quemadmodum
1219 2595 1339 2671 affigo,
1365 2631 1457 2663 ultra
1481 2631 1554 2663 Ca*

91 2671 210 2716 spium
243 2683 340 2705 mare
377 2679 413 2706 et
448 2675 664 2719 Massagetas
702 2688 789 2722 gens
830 2677 1006 2722 quaedam
1040 2677 1188 2718 ludica,
1216 2677 1339 2711 dedita
1373 2678 1552 2722 Apollinis

91 2719 218 2752 cultui.
267 2720 355 2752 colit
383 2725 420 2754 et
446 2721 536 2754 alios
561 2721 648 2758 deos
677 2735 762 2769 gens
793 2725 930 2766 eadem,
959 2724 1129 2758 videlieet
1155 2726 1274 2758 lovem
1299 2730 1336 2758 et
1362 2726 1550 2765 Iunonem,

93 2770 133 2800 ut
156 2766 249 2800 iufra
278 2767 392 2800 fusius
424 2766 573 2802 dicetur.
